4590 5588
701 177 707 191 ’
834 188 1515 296 muttitataitsvt‘rsuff
2113 194 2162 269 Ν

372 383 431 459 ullu
457 402 488 466 ,a
512 384 595 457 botis
620 385 743 467 guttura
767 387 817 448 ber
842 344 970 463 ῑιιιῐειι
992 384 1057 459 uiue
1082 386 1200 464 {leucu-⁸
1252 382 1332 445 Satis
1353 384 1542 463 perspicuum
1568 392 1627 457 est,
1654 383 1810 463 epistelam
1836 385 2004 463 vespertino
2026 395 2162 468 tempore

373 487 438 529 esse
466 470 606 550 scriptam
634 479 664 530 et
699 490 819 531 narrare
844 472 1070 551 impedimenta,
1107 491 1184 550 quae
1210 473 1267 531 iter
1297 471 1367 531 hoc
1393 471 1454 529 die
1478 468 1694 548 impediverint.
1745 469 1817 530 Nou
1843 472 1934 550 igitur
1960 471 2035 533 hora
2055 481 2161 534 octava

372 557 555 633 vespertina,
584 557 634 617 ubi
661 576 760 617 meuse
794 556 931 617 Ianuario
953 577 1039 617 nemo
1061 558 1092 616 in
1115 558 1219 618 itinere
1248 557 1413 636 periculoso
1435 574 1558 634 pergere
1579 557 1668 630 solet,
1696 557 1748 616 sed
1774 559 1918 618 ιιιιιιιιι
1938 558 2048 619 lislam
2071 560 2159 623 venit
2255 592 2257 597 ·

371 638 534 702 liutherum
553 654 650 703 auteur
668 645 743 704 duos
765 645 830 703 dies
850 645 882 703 iu
901 645 1006 703 itinere
1026 645 1232 720 consumsiese,
1253 652 1284 702 st
1304 645 1352 702 die
1374 644 1460 703 tertio
1482 661 1568 701 mana
1588 643 1704 703 demum
1721 641 1830 703 hialam
1852 646 1968 705 venisse
1991 645 2160 707 susumus

373 736 426 787 est
470 728 590 789 Diserte
614 731 685 789 dicit
711 730 841 789 Muldam
869 749 1002 807 quoque,
1031 748 1107 807 quae
1134 732 1230 790 media
1258 731 1323 789 fluit
1347 730 1425 789 inter
1452 728 1641 806 Vitebergam
1668 738 1698 788 et
1718 728 1846 804 Halam,
1872 731 1959 791 valde
1981 732 2158 793 exuudme.

372 814 432 873 lter
457 817 548 893 igitur
579 817 779 876 exundatione
810 817 899 875 huius
931 816 1060 875 fluminis
1085 817 1267 895 rapidissimi
1291 816 1407 875 videtur
1427 816 1599 893 impeditum
1624 832 1698 875 esse.
1744 816 1868 876 Accedit
1889 818 1969 896 quod
1990 835 2092 878 mense
2112 818 2161 878 Ia·
2213 810 2224 839 ¹

372 901 476 961 nuario
496 901 549 962 lux
571 902 630 962 diei
651 902 748 962 brevis
770 901 866 961 adhrm
888 910 942 975 est,
964 910 994 961 et
1014 903 1094 980 quod
1115 905 1180 963 riae
1201 904 1254 962 illo
1276 911 1408 980 tempore
1429 909 1514 961 mant
1528 901 1593 961 luto
1613 900 1766 980 squalidae
1787 909 1818 961 et
1836 903 1960 963 celerem
1973 922 2091 964 cursum
2104 904 2159 963 im·

371 986 538 1065 pediebant.
583 986 671 1063 Quod
694 989 720 1047 si
742 989 830 1065 igitur
852 987 999 1047 liutherus
1021 1008 1081 1048 non
1098 991 1197 1068 primo
1221 1009 1308 1050 mane
1334 988 1387 1047 sed
1412 988 1473 1048 fere
1495 987 1570 1047 hora
1590 998 1695 1048 octava
1715 986 1763 1047 rel
1784 1006 1864 1048 noua
1884 990 1914 1050 d
1937 990 1988 1050 88.
2012 990 2076 1049 lan.
2101 991 2159 1049 iter
2239 1046 2246 1056 ,

371 1073 522 1149 ingressus
547 1082 606 1146 eet,
634 1075 685 1132 vix
712 1074 807 1154 potuit
825 1075 962 1153 progredi
982 1093 1074 1153 usque
1096 1077 1134 1133 ad
1157 1076 1297 1136 Muldam.
1341 1074 1409 1133 Hoc
1430 1075 1520 1151 igitar
1547 1074 1655 1133 dumeu
1684 1074 1712 1134 d.
1736 1073 1786 1133 84.
1808 1075 1958 1154 superavit
1985 1086 2016 1135 et
2041 1076 2159 1137 venisse

373 1159 489 1218 videtur
509 1178 601 1238 usque
623 1159 662 1219 ud
683 1161 856 1239 oppidulum
877 1160 1060 1239 Landeberg,
1083 1163 1211 1222 uuded
1236 1162 1286 1222 85.
1309 1160 1382 1221 hora
1403 1168 1508 1220 octava
1529 1162 1674 1221 matutina
1693 1161 1812 1220 advenit
1833 1160 1952 1222 Hslam.

147 1239 213 1300 Ian
263 1243 315 1303 84.
337 1243 544 1323 [landgravius
568 1247 669 1305 scribit
692 1247 731 1305 ad
754 1244 1001 1322 Granv,ellauum
1028 1268 1174 1308 rumorem
1192 1249 1321 1325 nudique
1350 1264 1483 1324 sparsum
1512 1264 1592 1322 ease,
1619 1243 1777 1307 Caesarem
1804 1248 1903 1307 moliri
1925 1245 2034 1307 bellum
2056 1256 2158 1307 contra

372 1331 584 1391 Ptotestantes.

265 1414 316 1476 87.
337 1414 458 1476 initium
486 1419 670 1479 comitiorum
692 1418 1022 1480 Ratisbonenaium-
1050 1420 1221 1480 Melanthea
1246 1423 1328 1499 (cum
1349 1418 1417 1479 aliis
1437 1418 1599 1497 theologis)
1628 1418 1729 1479 decem
1749 1418 1855 1479 litteris
1874 1419 2027 1479 mandavit
2046 1417 2158 1478 iudicia

357 1511 386 1561 et
407 1504 530 1563 consilia
551 1506 589 1564 ad
612 1504 690 1564 hunc
711 1513 886 1566 conventum
908 1508 1080 1608 spectantia.

146 1584 235 1647 Febr.
288 1590 317 1648 4.
338 1589 430 1647 Mittit
451 1584 580 1649 Cordato
602 1591 833 1670 propositiones,
867 1604 899 1651 ut
919 1592 998 1650 de'
977 1610 1015 1651 us
1041 1594 1073 1652 in
1094 1593 1279 1672 promotione
1304 1591 1456 1653 doctorum
1482 1592 1656 1670 disputetur.
1678 1624 1723 1639 -—
1749 1590 1835 1651 Alter
1862 1608 2019 1663 consessus
2039 1588 2157 1651 renutu

370 1672 547 1736 Tridentini.

286 1760 315 1819 5.
338 1758 517 1822 inchoantur
538 1763 687 1839 colloquia
706 1761 943 1841 theologorum
933 1783 965 1822 ιι
987 1773 1131 1825 ιοιιιιιι
1152 1765 1279 1838 Ratisb,
1299 1765 1352 1824 ubi
1372 1765 1404 1825 M
1410 1762 1573 1823 alveuda
1592 1763 1723 1841 disputat
1743 1763 1781 1823 de
1800 1702 2020 1835 iustificatione.
2120 1814 2125 1839 ,

155 1876 167 1899 .·
264 1846 314 1906 10.
337 1843 487 1925 Georgius
503 1848 601 1909 Maior
621 1849 737 1927 prolixe
759 1851 870 1924 scribit,
891 1850 964 1928 quid
984 1860 1080 1909 sctum
1099 1852 1138 1911 sit
1153 1808 1350 1912 Ratisbbuae.

263 1932 312 1991 18.
335 1930 436 1992 Monet
458 1934 646 1994 Matthesium
670 1944 702 1993 ut
718 1944 803 1993 caute
825 1945 917 1995 mutet
937 1937 1013 1997 ritus
1034 1937 1259 1998 ecclesiasticos.

263 2018 313 2079 18.
337 2015 528 2080 Lutherus
547 2022 713 2082 moritur

262 2104 312 2163 19.
334 2103 505 2165 Melanthos
524 2107 630 2184 accipi
651 2105 743 2166 lenae
763 2107 919 2185 epistolam
940 2109 978 2168 de
998 2117 1093 2169 morte
1107 2107 1241 2184 liutheri,
1264 2109 1385 2187 eiusque
1405 2107 1519 2167 obitum
1537 2105 1649 2167 iudicat
1669 2089 1881 2165 auditoribus
1872 2124 1904 2163 ru
1926 2104 2037 2166 schola

262 2188 314 2248 80.
336 2186 458 2250 liutheri
479 2209 588 2271 corpus
608 2192 718 2252 Halam
739 2194 901 2253 advehitur.

262 2276 314 2337 81.
334 2272 461 2337 Senatus
484 2279 677 2351 Διιιιιιιιιι,
698 2278 858 2357 interprete
879 2279 1084 2355 Melanthone,
1109 2281 1221 2340 indicat
1242 2279 1397 2351 funereis,
1418 2279 1524 2356 quibus
1544 2276 1666 2337 Lutheri
1688 2294 1794 2355 corpus
1816 2276 2022 2353 excipiendum
2041 2277 2156 2337 sit-
2188 2306 2198 2320 ·

141 2384 145 2389 ·
338 2360 493 2422 Lutheri
515 2382 622 2442 corpus
642 2363 842 2466 Kembergam
863 2366 953 2427 venit.

262 2446 313 2507 88.
332 2446 406 2507 Post
427 2450 578 2509 meridiem
601 2448 750 2509 Lutheri
743 2452 867 2510 exuviae
888 2451 1059 2510 adferuntur
1080 2450 1270 2530 Vitebsrguru
1291 2460 1322 2510 et
1349 2468 1457 2529 corpus
1476 2449 1628 2527 reponitur
1648 2448 1680 2507 iu
1701 2447 1838 2508 Ecclesia
1856 2448 1954 2509 unis.
1983 2424 2156 2521 Melanthea

370 2534 458 2593 habet
477 2536 640 2596 orationem
662 2537 693 2594 iu
713 2534 834 2596 Lutheri
856 2536 1006 2599 honorem.
1137 2542 1140 2549 '
2106 2578 2111 2593 -.

143 2618 235 2679 Mart.
292 2622 321 2679 l.
343 2619 543 2681 Melanthenis
560 2622 656 2682 oratio
674 2623 705 2681 in
725 2621 828 2681 iuuere
849 2621 972 2683 liutheri
991 2624 1140 2684 recuditur
1161 2621 1291 2702 Lipsiae,
1311 2642 1361 2683 cm
1351 2620 1450 2683 'Mei
1472 2582 1616 2699 quiedam
1637 2620 1760 2685 addidit.

339 2704 519 2765 Ceusolatnr
541 2708 722 2789 Myconium,
742 2710 828 2768 morti
849 2710 1025 2786 proximum.

283 2792 313 2852 5.
336 2790 478 2871 Princeps
497 2793 615 2853 Elector
635 2793 742 2853 litteris
759 2804 911 2854 monuerat
922 2795 1150 2870 Melanthonem
1169 2794 1367 2855 Pomerauum
1389 2792 1629 2870 etCrudgerurn,
1653 2800 1685 2852 ut
1705 2809 1824 2853 cauum
1844 2789 1967 2851 lantheri
1984 2797 2157 2871 constanter

369 2896 457 2956 agere
477 2888 648 2959 pergerent,
669 2880 716 2939 cui
737 2879 869 2959 theologi
890 2884 1077 2959 respondent,
1098 2899 1131 2941 ae
1152 2882 1209 2941 hoc
1230 2881 1385 2943 bonafide
1405 2880 1536 2939 facturos
1556 2896 1632 2939 esse.

253 2960 314 3042 (8)
335 2961 406 3023 Mel.
428 2964 532 3023 scribit
551 2967 768 3045 propositiones
788 2976 892 3026 contra
912 2966 1088 3029 Mulrendae
1109 2970 1284 3027 mutantium
1306 2968 1345 3027 de
1365 2966 1580 3027 iustificatione.

282 3048 311 3110 8.
334 3048 427 3108 Mittit
445 3052 664 3130 propositiones
685 3062 787 3112 contra
808 3051 1003 3115 Malvendam.

282 3135 312 3196 9.
335 3135 455 3213 Accipit
475 3154 554 3196 nova
574 3136 721 3211 mandata,
743 3157 779 3196 a
775 3136 904 3199 (larcio
914 3134 1073 3200 Caesare
1063 3160 1094 3202 ιι
1116 3148 1262 3199 conventu
1282 3140 1360 3199 dcta

260 3219 309 3283 18.
332 3221 423 3281 Mittit
445 3220 591 3300 Zieglero,
613 3223 753 3302 theologo
770 3222 872 3303 urps,
885 3226 1049 3286 orationem
1071 3228 1142 3307 περὶ
1162 3221 1276 3305 seipsis,
1296 3225 1350 3284 sed
1370 3224 1435 3283 sine
1454 3221 1584 3299 epilogo.
1610 3266 1613 3271 -

332 3307 410 3366 Med.
432 3327 534 3367 mense
556 3308 784 3369 Recusationern
803 3309 919 3370 concilii
935 3310 1101 3373 'l'rideutini
1118 3313 1210 3371 latine
1232 3312 1327 3371 vertit

331 3390 475 3471 Princeps
495 3392 616 3455 lileetor
635 3396 726 3471 iubet,
747 3405 782 3456 ut
801 3396 884 3457 missi
907 3398 944 3457 ab
962 3418 999 3458 eo
1017 3399 1049 3459 iu
1070 3405 1246 3459 conventum
1267 3397 1387 3456 domum
1407 3394 1539 3455 redeunt.

257 3479 309 3539 80.
332 3479 465 3539 Bucerus
486 3478 547 3540 abit
563 3500 602 3541 ex
623 3490 767 3542 conventu
784 3480 897 3542 Ratisb.

257 3564 308 3627 85.
332 3564 486 3625 Praefatur
506 3567 538 3625 iu
559 3564 682 3627 Lutheri
704 3568 918 3629 enarrationem
935 3570 1048 3631 Psalmi
1068 3569 1190 3629 secundi
1210 3586 1230 3627 ι
1250 3568 1322 3630 viro
1342 3565 1501 3629 Theodoro
1523 3563 1639 3622 editam.

259 3650 310 3712 88.
331 3651 486 3730 Philippus
507 3651 712 3732 Landgrarius
733 3664 780 3715 est
799 3656 880 3734 apud
900 3653 1040 3717 Carnium
1058 3654 1216 3717 Caesarem
1238 3650 1352 3733 Spirae.

332 3736 505 3797 Melanthon
526 3758 546 3797 a
567 3738 706 3822 Principe
722 3741 861 3801 Palatino
884 3752 1004 3803 uocatur
1019 3741 1259 3821 Heidelbergam.

319 3822 517 3883 Praesens
506 3844 539 3883 ιι
557 3820 759 3905 Cmmgieseri
775 3827 1008 3906 disputationem
1028 3829 1066 3888 de
1087 3828 1286 3888 Matrimonia.
1394 3842 1402 3855 ’·
1500 3858 1504 3867 ’

131 3908 235 3990 aptit
280 3912 307 3969 1.
328 3904 517 3969 Conveniunt
537 3910 626 3989 legati
648 3912 875 3973 Pr0testantium
897 3912 1089 3974 Wormatiae.
1132 3913 1353 3993 (Discesscrust
1373 3912 1403 3971 d.
1425 3910 1476 3970 88.
1495 3906 1584 3984 apr.)

275 3996 304 4055 4.
328 3994 404 4055 Fere
424 3995 481 4055 hoc
503 3998 551 4056 die
573 3994 684 4098 Georg
706 3999 803 4059 Maior
823 4018 862 4059 ex
884 4010 1028 4061 conventu
1050 4002 1131 4062 veuit
1139 4001 1347 4079 virete-genu

275 4082 307 4141 8.
327 4078 520 4160 Myconius
539 4084 703 4146 moritur.

275 4166 306 4228 8.
326 4166 448 4227 Tertius
471 4186 626 4229 consessus
647 4170 766 4231 concilii
785 4170 962 4231 Tridenu‘ui.

254 4254 304 4314 18.
327 4252 405 4313 Fere
424 4252 482 4314 hoc
505 4255 554 4314 die
574 4255 643 4315 Mel.
666 4257 835 4331 academiae
856 4256 993 4318 Francos.
1017 4258 1118 4318 scribit
1140 4258 1177 4318 de
1198 4256 1389 4335 poenitentia.

253 4338 304 4397 18.
324 4338 580 4416 Hermannus,
601 4326 853 4421 Archiepiscopua
873 4342 1072 4417 coloniensis,
1094 4345 1365 4403 excommunicatur
1385 4359 1404 4400 a
1423 4339 1515 4416 Papa.

186 4424 302 4486 17.
325 4424 496 4487 Fridericus
506 4423 726 4508 Staphylus
747 4429 872 4488 mittitur
892 4430 924 4488 ιι
948 4431 1141 4490 Academiam
1161 4429 1452 4508 Regiomoutauam..

325 4511 394 4573 Mel.
415 4522 515 4572 narrat
535 4513 688 4573 historiam
710 4515 747 4573 de
767 4515 968 4575 internecione
988 4515 1096 4577 Diasii.
1140 4566 1144 4571 .
1191 4548 1197 4557 ·

249 4597 301 4659 80.
324 4596 515 4676 Hamburgae
536 4600 701 4677 disputatur
722 4602 759 4659 dc
782 4602 925 4663 descensu
946 4601 1057 4664 Christi
1071 4603 1117 4660 ad
1136 4600 1257 4677 inieras.

249 4683 301 4745 80.
323 4683 392 4745 Mel.
415 4685 520 4744 indicit
542 4687 756 4746 enarrationem
777 4688 918 4765 epistolae
939 4690 978 4749 ad
999 4688 1160 4748 Ιιιιιιιοι.

204 4768 236 4830 la
258 4788 300 4830 nr.
320 4770 464 4831 Iudicium
485 4772 692 4849 theologorum
713 4773 750 4831 de
771 4773 850 4834 bello
871 4794 937 4834 cum
959 4773 1096 4835 Caesare

133 4856 203 4917 ilat
246 4857 298 4916 14.
321 4856 389 4917 Mel.
409 4859 448 4917 ad
472 4858 508 4920 V.
532 4858 737 4919 Theodorum:
762 4855 963 4936 ,circumfero
985 4862 1122 4922 assiduos
1144 4861 1289 4919 muciatua
1311 4860 1370 4916 iam
1393 4864 1518 4936 quatuor
1539 4855 1688 4916 mensibus
1707 4876 1746 4916 ex
1768 4853 1882 4915 calculo
1903 4857 2014 4915 ortos.“

223 4943 300 5003 med.
322 4942 468 5021 Theologi
491 4944 589 5005 Viteb.
611 4945 789 5022 respondent
810 4947 847 5004 ad
870 4948 1085 5023 quaestionem:
1106 4965 1144 5004 au
1166 4946 1345 5022 colloquium
1367 4943 1404 5003 de
1425 4944 1568 5021 religione
1589 4943 1696 5001 iterum
1719 4941 1917 5003 inchoandum
1939 4941 2011 5002 sit:

247 5030 298 5090 19.
319 5025 451 5106 Lipsiam
475 5030 670 5105 proficiscitur
690 5031 727 5089 ad
749 5030 904 5093 nundinas.
923 5078 931 5087 .

322 5112 391 5174 Hoc
411 5125 541 5192 tempore
564 5114 689 5176 Carolus
711 5117 875 5195 imperator
897 5119 977 5177 venit
996 5117 1202 5178 Ratisbunm.
1267 5165 1273 5177 .
