4590 5588
120 126 236 251 ιι
900 181 1354 255 sssusmsvrrss.
1952 286 1954 290 ι
2089 192 2137 267 ῃ

121 373 218 454 April
238 373 290 434 20.
310 372 458 434 Lutherus
476 373 695 436 Melanthouem
714 368 857 449 hui-tatur,
879 387 913 435 ut
929 377 986 437 sibi
1008 390 1112 437 caveat
1128 396 1148 437 a
1168 377 1312 438 conviviis
1332 385 1455 456 proptor
1477 377 1632 439 veneticos.

240 458 291 522 22.
314 455 426 520 Caesar
445 459 599 538 theologos
621 463 775 540 utriusque
797 463 890 540 partis
912 463 949 522 sd
972 473 1112 523 sevocat
1133 469 1168 522 et
1183 464 1354 524 adhortatur
1375 463 1414 521 ad
1434 463 1632 525 concordiam
1675 462 1824 542 Designat
1843 465 2026 529 Fridsricum
2047 469 2137 531 Pala·

344 547 438 606 tinum
460 555 489 606 et
510 544 703 606 Cranvellam
725 549 876 627 praesidas
895 547 1051 626 colloquii,
1073 560 1103 608 et
1124 549 1293 609 Theodori
1286 568 1342 607 um
1365 549 1499 609 comitem
1518 570 1538 607 n
1559 548 1788 624 Manterscheid,
1808 551 2013 614 Eberhar'dum
2033 554 2135 615 Rude-

344 650 428 706 uum,
449 630 611 693 Hemicum
634 632 770 706 Hasium,
792 632 983 694 Franciscum
1002 635 1217 708 Burchardum,
1238 634 1281 694 lo.
1304 633 1406 711 Feige,
1429 643 1458 694 et
1475 633 1614 694 lacohnm
1635 629 1797 696 Stnrmium
1819 637 1959 717 colloquii
1979 647 2080 703 testes.

236 714 288 777 27.
309 714 480 779 Conventus
501 716 681 780 Ratisbonae
708 720 758 779 ubi
784 719 859 779 liber
877 719 1031 794 Caesaris,
1058 728 1163 799 postea
1183 720 1304 780 Interim
1329 719 1544 779 Ratisbonense
1561 720 1752 800 appellatum,
1780 721 1983 785 aGrauvella
2008 726 2135 788 traditur

139 820 142 825 ‘
344 803 502 881 theologis.

239 888 290 950 29.
312 890 383 949 Mel.
405 889 541 968 repudiat
561 889 716 961 termulam
739 891 776 950 de
797 891 1007 951 iustificatione
1028 891 1065 951 ab
1087 890 1184 951 Echio
1204 893 1396 971 propositam.

238 975 288 1035 30.
310 975 482 1036 hlelsuthon
502 973 633 1035 Luthero
653 976 743 1035 mittit
763 978 980 1055 propositiones
997 977 1241 1037 adremamorum.

122 1060 195 1121 llai.
312 1060 462 1138 Incipiunt
483 1060 631 1138 colloquia
651 1062 858 1139 theologorum
880 1064 1033 1139 utriusque
1052 1063 1153 1163 partis.
1483 1086 1487 1093 ·

198 1223 202 1229 ,
237 1147 287 1207 10.
308 1145 452 1224 Princeps
473 1147 594 1207 Elector
616 1165 704 1225 aegre
726 1148 782 1207 fert
802 1147 1060 1209 Melanthonem
1050 1168 1083 1207 ιιι
1104 1147 1229 1208 articulo
1250 1149 1287 1207 de
1308 1147 1513 1208 iustificatione
1537 1168 1556 1207 a
1577 1148 1674 1210 verbis
1696 1153 1823 1230 August.
1846 1146 2051 1214 confessionis
2079 1154 2133 1215 de·

346 1233 475 1293 flexisse

179 1328 191 1343 '
240 1320 290 1379 19.
311 1318 485 1379 Melanthea
503 1337 539 1376 ea
561 1320 598 1377 de
618 1338 651 1379 re
672 1337 739 1380 sese
757 1327 882 1379 ueneat
902 1320 981 1397 apud
1001 1318 1172 1392 Lutherum.

237 1404 287 1466 21
308 1402 443 1464 Excusat
470 1421 504 1462 se
525 1405 697 1464 Melanthou
720 1401 856 1480 Caesari,
886 1407 967 1506 apud
989 1424 1076 1483 quem
1098 1413 1254 1466 secuntus
1273 1403 1384 1474 morat,
1407 1405 1509 1483 quasi,
1531 1402 1662 1465 Luthero
1683 1417 1817 1480 auctore,
1836 1408 2016 1486 pertinacior
2036 1408 2133 1472 asos

345 1490 393 1564 sit,
416 1499 446 1547 et
468 1508 534 1548 cum
556 1490 654 1566 legato
673 1488 792 1551 Gallico
810 1492 968 1551 amicitiam
991 1491 1108 1551 habeat.

238 1575 288 1636 22.
311 1574 468 1635 Piuinntur
489 1575 638 1652 colloquia
658 1576 871 1677 theologorum.

237 1662 289 1724 23.
312 1661 466 1738 Principes
487 1661 699 1734 Protestsntss,
716 1663 875 1740 interprete
897 1661 1096 1734 hlelauthoue,
1117 1662 1304 1721 intercedunt
1320 1661 1398 1737 apud
1415 1678 1515 1738 regem
1527 1659 1646 1723 Galliae
1664 1680 1721 1740 pro
1738 1663 1786 1736 iis,
1807 1663 1858 1740 qui
1876 1664 2026 1725 doctrinae
2042 1683 2134 1725 causa

344 1749 376 1806 iu
399 1744 502 1806 Gellia
521 1748 710 1808 necabantur.

237 1833 288 1893 27.
312 1832 516 1893 Honorificum
556 1832 753 1894 testimonium
779 1831 863 1892 Petri
886 1831 1006 1906 Bembi,
1040 1831 1221 1905 Cardinalis,
1253 1833 1290 1892 de
1311 1831 1583 1891 Melanthoue.
1601 1829 1750 1910 Georgius
1767 1830 1911 1907 Sabinus,
1934 1833 2135 1897 Melanthonis

344 1937 448 1996 gener,
477 1919 528 1995 qui
549 1917 730 1979 Ratisbonae
757 1919 872 1978 eratin
894 1919 1033 1978 comitatu
1056 1918 1237 1977 Murchiouis
1259 1916 1428 1978 Braudenb.
1457 1917 1618 1990 Electoris,
1641 1917 1739 1977 idibus
1763 1918 1835 1979 Maii
1859 1877 1949 1979 1541
1977 1921 2135 1999 scripserat

344 2004 457 2064 Bembo
479 2004 649 2081 epistolam,
673 2006 721 2064 cui
742 2004 811 2063 huic
831 2005 983 2082 respondit
1004 2004 1108 2064 litteris
1129 2005 1206 2064 datis
1227 2002 1343 2064 Romae
1363 2003 1417 2064 IV.
1439 1998 1560 2061 Calend.
1583 2001 1649 2065 Iun.
1676 2005 1779 2076 1541,
1808 2005 1889 2064 ubi
1879 2016 1955 2064 mter
1981 2005 2042 2065 alia
2059 2007 2134 2068 basa

232 2148 238 2159 ,
344 2090 381 2149 de
401 2090 604 2149 Melanthoner
629 2088 739 2170 ,Spem
759 2091 921 2150 communis
942 2090 1126 2160 concordiae,
1150 2109 1237 2167 quam
1260 2110 1298 2150 ex
1319 2090 1377 2152 isto
1398 2087 1609 2166 Ratispouensi
1630 2097 1776 2149 conventu
1797 2092 1882 2150 uobis
1903 2091 2009 2165 affers,
2030 2093 2133 2173 accepi

344 2175 481 2252 equidem
508 2176 629 2253 perinde
660 2196 695 2235 ac
717 2175 820 2249 debui,
851 2176 1051 2236 libentissime.
1107 2174 1175 2250 Qua
1200 2184 1300 2234 tamen
1324 2175 1357 2233 iu
1383 2192 1416 2233 re
1443 2174 1768 2234 Melanchthonem
1794 2195 1929 2237 socerum
1956 2186 2037 2236 tuum
2069 2197 2134 2239 rem

345 2260 535 2321 christianam
557 2263 680 2320 multum
701 2263 803 2321 iuvare
826 2272 855 2320 et
876 2279 964 2338 posse
983 2262 1063 2333 scio,
1090 2269 1120 2319 et
1142 2280 1209 2320 eum
1229 2261 1374 2319 facturum
1395 2259 1526 2332 confido,
1554 2259 1645 2319 fretus
1667 2279 1734 2319 cnm
1754 2261 1910 2321 excellenti
1929 2262 1994 2321 eius
2015 2263 2133 2338 virtute,
2216 2265 2219 2271 '

344 2356 432 2423 atque
453 2346 485 2404 in
506 2347 587 2406 omui
608 2347 759 2406 literarum
781 2364 889 2423 genere
912 2347 1093 2405 eruditione:
1127 2355 1188 2404 tum
1210 2365 1282 2405 vero
1304 2347 1392 2404 etiam
1414 2364 1465 2419 ea,
1493 2364 1581 2423 quam
1608 2363 1675 2404 cum
1696 2345 1750 2404 illo
1768 2355 1945 2407 contractam
1967 2347 2059 2407 habes
2081 2367 2134 2408 na·

344 2432 530 2493 cessitudine.
572 2431 669 2491 Erunt
696 2434 785 2510 igitur
805 2442 874 2492 tuae
896 2449 1013 2509 quoque
1033 2431 1150 2510 pietatis
1172 2438 1271 2510 partes
1293 2449 1412 2502 curare,
1442 2440 1475 2490 ιιι
1500 2431 1528 2489 si
1556 2429 1627 2507 quid
1647 2431 1678 2489 iu
1702 2431 1928 2491 Melanchthoue
1948 2433 2045 2494 adhuc
2066 2432 2133 2507 fnit,

345 2537 404 2594 quo
427 2526 594 2577 nostrorum
616 2519 708 2578 animi
730 2517 863 2577 nonnihil
885 2518 996 2577 offendi
1017 2518 1175 2595 potuerint,
1196 2518 1228 2576 id
1249 2516 1429 2594 temporibus
1447 2523 1541 2575 totum
1561 2516 1669 2592 potins,
1694 2533 1780 2591 quam
1802 2518 1985 2577 abalienatae
2007 2538 2026 2577 a
2045 2520 2133 2581 nobis

345 2604 489 2664 voluntati
510 2604 698 2664 asscribatur.
731 2602 857 2664 Occasio
879 2604 942 2662 dari
964 2604 1047 2663 vobis
1068 2602 1129 2662 ulla
1150 2603 1267 2662 uberior
1288 2619 1436 2677 nunquam
1456 2601 1576 2678 poterit,
1598 2598 1675 2661 unde
1696 2602 1742 2659 vel
1761 2604 1885 2679 gratiam
1904 2603 2001 2664 aDeo
2018 2606 2132 2682 optimo

345 2708 423 2750 max.
446 2690 588 2749 maiorem
608 2691 730 2765 ineatis,
758 2688 805 2747 rel
825 2690 862 2748 ab
882 2690 1051 2749 homiuibus
1072 2688 1195 2766 gloriam
1223 2687 1420 2749 honestiorem
1442 2687 1672 2764 consequamini.
1715 2686 1764 2747 Illi
1784 2697 1819 2749 ιιι
1838 2689 1913 2750 meis
1935 2690 2034 2750 verbis
2054 2692 2134 2751 salu·

344 2783 403 2833 tem
425 2775 579 2854 impertias
607 2775 710 2846 velim,
742 2794 876 2853 quaeque
898 2795 918 2834 a
939 2794 986 2834 me
1008 2774 1156 2855 proficisci
1175 2783 1317 2853 possunt,
1344 2773 1445 2833 omnia
1469 2772 1637 2851 pollicearis
1658 2791 1693 2832 ac
1713 2774 1855 2835 deferas.“
1901 2774 1985 2852 (Vid.
2007 2772 2133 2856 Georgii
2230 2790 2238 2815 t

344 2857 448 2920 Sabini
469 2858 616 2938 poimata,
638 2881 667 2939 p.
690 2863 778 2937 451.)

234 2945 284 3007 91.
303 2946 533 3006 Pmtestuutium
553 2948 700 3007 sententia
720 2947 757 3006 de
777 2945 854 3007 libro
875 2945 1012 3007 Caesaris
1035 2946 1167 3005 traditur.

116 3028 184 3091 Iun.
256 3034 284 3093 1.
304 3029 411 3109 Legati
439 3028 580 3092 Saxonici
611 3035 642 3092 in
677 3039 823 3092 consentu
854 3034 976 3091 mittunt
1003 3031 1166 3092 Iohannem
1197 3029 1365 3108 Principem
1392 3028 1601 3103 Anhaltinum,
1638 3029 1793 3090 Matthiam
1825 3050 1845 3089 a
1869 3029 2072 3109 Schuleuhurg
2100 3042 2132 3093 et

343 3118 547 3178 Alexandrum
569 3118 703 3179 Alesinm
725 3118 912 3195 Vitebergam
934 3118 973 3176 ad
993 3114 1170 3190 Lutherum,
1196 3125 1230 3176 ut
1256 3117 1319 3175 eius
1336 3116 1512 3175 senteutiam
1540 3115 1701 3188 derebus,
1733 3117 1770 3175 de
1797 3116 1903 3193 quihus
1922 3117 1954 3177 iu
1983 3127 2129 3179 conventu

343 3203 522 3282 disputatum
544 3203 651 3278 fuerat,
674 3204 835 3281 explorent
853 3239 896 3249 -
916 3202 1023 3280 Legati
1042 3211 1187 3262 venerumt
1208 3201 1398 3279 Vitebergam
1417 3202 1445 3260 d.
1470 3203 1498 3260 7.
1520 3199 1608 3262 lunii.

257 3288 287 3348 8.
307 3286 419 3350 Caesar
440 3290 591 3350 ordinibus
611 3289 728 3368 imperii
749 3297 816 3349 scta
835 3288 975 3368 colloquii
995 3290 1093 3363 tradit,
1115 3297 1145 3349 st
1161 3307 1261 3348 eorum
1277 3287 1387 3347 iudicia
1407 3287 1513 3364 poscit.

134 3373 282 3434 10-12.
304 3373 411 3453 Legati
432 3377 470 3435 ad
491 3373 653 3436 Lutherum
674 3375 757 3434 missi
778 3393 844 3435 cum
866 3395 902 3435 eo
923 3384 1023 3454 egum.

236 3458 286 3521 21.
307 3459 466 3539 Philippus
482 3460 688 3540 Landgrarius
709 3462 828 3520 domum
848 3461 933 3521 redit

234 3547 286 3606 24.
308 3544 449 3625 Cruciger
471 3549 545 3625 petit
565 3550 681 3606 veniam
704 3548 822 3607 domum
844 3547 996 3607 redeundi.

235 3630 284 3692 24.
306 3632 476 3693 Melanthos
498 3634 671 3693 sententiam
693 3650 775 3693 suam
798 3633 871 3692 dicit
890 3634 927 3692 de
947 3631 1023 3691 libro
1044 3629 1192 3692 Caesaris.
1283 3707 1286 3711 ,

308 3716 383 3777 Item
405 3720 545 3779 Bucerus.

232 3801 286 3865 2.9
309 3802 499 3865 Conveniunt
517 3805 674 3877 Catholici,
697 3815 729 3863 ut
748 3804 925 3863 seutentiam
946 3804 984 3863 de
1005 3802 1080 3861 libro
1102 3802 1210 3860 dicant.

117 3888 174 3951 Iul.
258 3888 288 3951 2.
311 3888 458 3951 Catholici
479 3889 600 3952 Caesari
621 3890 709 3949 aliam
732 3889 887 3950 formulam
909 3890 992 3965 pacis
1010 3888 1146 3948 offerunt.
1192 3880 1338 3944 Catholici
1365 3902 1482 3944 omnem
1511 3846 1574 3944 rem¹
1571 3830 1634 3943 ¹ad
1656 3881 1853 3944 Contarenum
1875 3884 2003 3964 legatum
2025 3885 2130 3948 Ponti·

342 3977 408 4036 licis
429 3976 530 4035 referri
552 3977 664 4037 volunt.

257 4063 286 4122 9.
308 4049 454 4145 Princeps
469 4062 590 4122 Elector
609 4061 793 4121 Melanthoni
818 4070 848 4119 et
868 4057 1013 4136 theologis
1033 4058 1148 4129 scribit,
1176 4064 1209 4115 ut
1230 4055 1404 4114 sententiam
1430 4055 1467 4114 de
1490 4053 1566 4168 libro
1588 4049 1724 4115 Caesaris
1748 4056 1879 4117 scribant
1898 4065 1928 4116 et
1945 4057 2077 4131 tradant,
2099 4066 2130 4118 st

343 4157 448 4225 postea
470 4150 588 4208 domum
609 4148 740 4207 redeant.

240 4232 289 4292 12.
311 4231 512 4293 Protestantes
533 4233 654 4294 Caesari
674 4232 793 4291 uadunt
813 4231 988 4290 senteutiam
1010 4247 1092 4288 suam
1115 4228 1263 4305 scriptam.

310 4315 423 4379 Caesar
444 4319 581 4397 proponit
599 4318 722 4378 sormam
744 4318 864 4390 decreti,
887 4325 916 4375 et
936 4314 1025 4374 refert
1044 4314 1113 4390 quid
1136 4311 1320 4373 Contarenus
1341 4311 1534 4389 responderit.

235 4403 287 4466 29.
311 4404 381 4464 hiel.
405 4407 506 4465 scribit
527 4405 604 4482 Regi
625 4400 747 4463 Sueciae
768 4404 920 4462 historiam
938 4409 1099 4461 conuentus
1121 4400 1205 4475 eique
1226 4397 1336 4476 gratias
1358 4397 1419 4474 agit
1439 4417 1494 4475 pro
1512 4396 1621 4474 poculo
1640 4398 1678 4456 ab
1700 4416 1736 4460 eo
1758 4408 1888 4476 accepto.

310 4490 454 4550 invitatur
474 4491 646 4549 Melanthea
668 4509 687 4548 a
706 4489 1003 4566 Norinbergensibus,
1026 4496 1059 4546 ut
1074 4486 1106 4544 in
1128 4486 1225 4544 reditu
1246 4482 1465 4558 Norinbergam
1485 4485 1591 4543 veniat.

234 4575 283 4635 24
305 4573 452 4655 Scriptum
474 4578 511 4637 de
530 4576 719 4636 emendandis
741 4576 833 4634 sacris
855 4573 1027 4633 Melanthon
1050 4572 1139 4630 mittit
1160 4571 1198 4629 ad
1219 4569 1401 4628 Fridericum
1420 4563 1564 4628 Comitem
1585 4566 1760 4641 Palatinum.

235 4660 285 4723 29.
308 4662 445 4722 Edictum
467 4663 613 4724 Caesaris.
659 4661 742 4720 Finis
764 4661 957 4720 comitiorum.

239 4749 289 4808 20
311 4747 483 4807 Melanthos
505 4750 624 4807 domum
643 4747 846 4825 proficiscitur.
890 4745 1052 4806 Curaverat
1071 4742 1269 4814 Ratisbonae,
1290 4750 1323 4801 ut
1343 4741 1417 4800 liber
1438 4735 1577 4801 Caesaris
1599 4740 1775 4819 Vitebergae
1798 4743 2002 4804 excuderetur.
2043 4742 2128 4819 (Vid.

343 4854 390 4914 ep.
412 4833 500 4894 Luth.
524 4835 551 4893 d.
575 4837 604 4895 4.
627 4838 707 4911 Aug.
728 4835 806 4910 apud
828 4834 865 4891 de
887 4831 978 4889 Wett.
1001 4831 1037 4889 T.
1060 4829 1096 4887 V.
1118 4853 1149 4909 p.
1172 4784 1269 4901 388.)

117 4920 198 5000 Aug.
260 4920 289 4979 2.
312 4920 510 4980 Melanthonis
539 4920 717 4998 stipendium
750 4928 866 4978 auctum
895 4927 957 4975 erat
982 4915 1104 4974 adiectis
1131 4922 1249 4972 centum
1272 4913 1410 4986 florenis,
1438 4913 1496 4972 vid.
1527 4913 1612 4991 epist.
1632 4911 1721 4973 Luth.
1750 4914 1830 4992 apud
1856 4912 1894 4972 de
1919 4912 2068 4975 WettT.
2091 4913 2130 4972 V.

255 5093 285 5153 4.
306 5000 480 5152 Milanitlrbn
499 5090 621 5171 Lipsiae
643 5090 706 5170 agit
727 5091 764 5149 de
785 5088 964 5150 accersendo
984 5085 1183 5147 Camerario
1173 5104 1204 5145 ιιι
1228 5084 1421 5144 Academiam
1441 5081 1600 5161 lipsioam.
