4590 5588
343 1335 601 1472 LIBRI
621 1369 624 1373 ’
644 1334 1058 1471 PHILIPPI
1101 1335 1769 1476 MELANTHONIS

217 1575 282 1661 IN
308 1575 513 1669 QUIBUS
539 1576 820 1663 DOGMATA
847 1578 923 1662 AO
951 1577 1217 1662 SYMBOLA.
1246 1576 1572 1662 DOOI'RINAE
1596 1577 1900 1663 nocuum
1987 1612 2010 1653 .;

237 1760 241 1767 .
708 1687 1102 1773 LUTHERANAE
1123 1685 1415 1772 EXPOSUIT.
2005 1736 2058 1778 .
2206 1746 2209 1754 ·

640 2233 1095 2446 vououuu
1139 2232 1473 2369 xxvffl.

154 2603 158 2611 ·
264 2606 268 2611 -
376 2575 433 2658 11.
476 2573 804 2660 noouoour
833 2571 1278 2659 courussrours
1306 2520 1739 2660 aoous‘uruau

781 2679 936 2747 auctore
958 2681 1053 2748 Phil.
1076 2682 1331 2749 Melanthone.

1034 2977 1081 3060 R

659 3157 661 3160 ,
773 3085 1063 3171 APOLOGIA
1098 3084 1337 3170 ALTERA.

938 3201 1173 3286 (coronano.)
1266 3201 1271 3212 ’

372 3527 621 3598 aronooran
643 3527 831 3594 uarum
852 3428 1087 3593 anemoria
1108 3525 1451 3592 umaruurrrro
1474 3525 1738 3605 ouuururca

257 3686 480 3779 Prologonnenu
496 3685 645 3769 specialia
660 3707 693 3768 p.
716 3687 829 3748 1-36.

591 3839 641 3902 De
662 3838 910 3901 Editioniiruu
933 3836 1025 3899 huiue
1050 3837 1304 3919 interpretationis
1322 3839 1522 3917 germanicae.

215 3993 217 3997 ·
347 3966 375 4026 1.
418 3959 468 4022 De
490 3958 751 4022 Melanthoniu
774 3955 916 4019 Editioue
933 3958 1069 4039 principe
1090 3958 1160 4020 anni
1185 3960 1277 4019 1531.
1300 3959 1338 4017 4⁰
1358 3976 1390 4038 p.
1413 3960 1547 4022 5-28..

422 4099 450 4142 a.
495 4077 576 4154 Quin
592 4086 698 4141 auctor
715 4080 757 4140 eit
775 4077 867 4139 iunius
887 4078 1139 4159 interpretationis
1157 4097 1186 4159 p.
1211 4082 1229 4140 7
1248 4096 1298 4158 eq.

422 4193 453 4255 b.
496 4190 566 4266 Quo
589 4197 725 4272 ternpore
742 4188 821 4251 haee
841 4190 1046 4272 interpretatio
1067 4191 1180 4272 scripta
1201 4195 1233 4250 et
1253 4188 1381 4270 primum
1402 4187 1484 4249 edita
1501 4190 1544 4250 eit
1564 4209 1595 4271 p.
1615 4193 1632 4251 7
1650 4206 1723 4271 oqq.

422 4321 449 4367 r.
493 4302 592 4378 Quam
614 4303 758 4363 rationem
775 4299 852 4362 haee
873 4302 1078 4382 interpretatio
1096 4301 1208 4364 habero
1225 4300 1264 4361 ad
1283 4298 1406 4361 latinam
1423 4298 1605 4381 Apologiam
1622 4319 1652 4380 p.
1675 4303 1693 4362 9
1710 4319 1782 4383 sqq.

422 4414 452 4476 d.
493 4411 655 4487 Quomodo
677 4411 817 4492 exempla
835 4412 925 4474 huius
943 4409 1097 4473 Editionir
1115 4413 1193 4474 inter
1214 4431 1253 4472 ee
1270 4410 1454 4473 dissentiant
1474 4431 1504 4492 p.
1531 4415 1567 4473 17
1591 4429 1663 4493 sqq.
1794 4409 1799 4417 ’

345 4539 376 4598 2.
418 4532 468 4595 De
487 4531 748 4595 Melanthonie
769 4529 913 4595 diditione
934 4552 962 4595 a.
983 4536 1076 4595 1533.
1100 4533 1139 4596 8⁰
1158 4551 1190 4612 p.
1209 4533 1347 4595 27-34.

420 4672 447 4717 a
491 4652 571 4728 Quis
589 4660 692 4716 enetor
713 4653 756 4715 eit
777 4651 869 4714 hniuo
892 4648 1110 4748 muadadooie
1132 4672 1162 4733 p.
1182 4655 1220 4715 27
1245 4671 1294 4734 eq.
1428 4695 1430 4698 -

421 4765 451 4826 b.
492 4764 563 4840 Quo
584 4772 720 4845 tempore
743 4763 819 4825 iraeo
840 4765 1045 4844 interpretatio
1063 4771 1223 4827 retraetata
1244 4770 1277 4825 et
1293 4763 1376 4826 editu
1392 4763 1436 4825 eit
1451 4783 1481 4845 p.
1502 4765 1541 4826 27
1564 4781 1634 4844 sqq.

275 4855 281 4871 ⁸
421 4897 448 4941 e.
493 4875 594 4951 Quaru
616 4878 761 4938 rationem
785 4874 863 4936 haee
878 4874 936 4938 Ed
955 4875 1067 4940 habeat
1084 4876 1124 4938 ad
1145 4875 1320 4938 Editieuem
1338 4875 1502 4955 prinoipem
1520 4873 1611 4937 huius
1631 4873 1802 4957 Apologia·
1823 4894 1854 4956 p.
1878 4877 1918 4938 29
1938 4893 1992 4956 oq.

418 4988 450 5050 d.
490 4987 652 5063 Quomodo
674 4986 814 5070 exempla
829 4987 922 5050 huius
943 4987 1002 5051 Ed.
1026 4990 1102 5049 iuter
1119 5007 1157 5050 ee
1174 4987 1358 5051 dissentiant
1377 5002 1408 5067 p.
1431 4988 1471 5049 29
1489 5003 1561 5066 sqq.
