4590 5588
137 178 183 249 Ι
474 240 477 245 ,
787 162 1506 242 rfflswnmstsfflotttsoralts,
1902 174 1906 181 “
2056 166 2159 241 ’Ἀ

135 368 217 452 Sept
326 371 395 432 lloo
416 389 516 432 mense
535 370 709 431 lislanthon
726 389 780 448 per
800 365 984 446 Spdatinum
1007 366 1137 429 liuthero
1154 371 1261 429 iterum
1278 370 1369 429 mittit
1385 368 1483 429 rusios
1503 367 1604 429 libros.
1645 405 1670 416 -
1693 364 1985 449 suavitasque
2002 370 2154 431 utrina

362 492 404 505 -
426 458 498 518 lldit
518 457 672 517 alteram
695 455 804 515 Pauli
822 456 866 514 ad
887 453 1111 515 Corinthios
1140 456 1343 534 epistolam
1363 473 1485 534 gaece,
1507 455 1539 515 iu
1559 472 1644 515 usum
1665 455 1795 517 scholas.
1818 490 1858 503 -·
1882 454 2019 518 adnm
2039 454 2152 515 dictata

361 545 392 602 in
413 543 522 604 scholis
545 564 564 601 a
586 543 653 602 Mei
674 550 879 621 praecepta
900 542 1110 615 rhetorica,
1133 561 1209 619 quse
1226 543 1338 601 dicavit
1354 541 1403 602 Ic.
1426 541 1637 619 Agricolae.

137 627 203 694 Oct
324 631 531 709 Augustiniani
547 630 683 689 monachi
704 629 736 686 in
755 638 901 688 conventu
922 629 1041 689 decreta
1062 627 1172 688 faciunt
1193 630 1230 688 de
1250 628 1417 689 minuendis
1440 628 1548 700 missis,
1569 627 1607 686 ds
1625 628 1756 689 tollenda
1777 629 2000 700 mendicatione,
2022 628 2060 687 ds
2079 646 2150 688 cou-

363 718 493 777 cedenda
514 717 648 776 libertate
669 716 823 775 desmendi
840 717 930 775 vitam
952 714 1151 776 monasticam.

256 804 305 865 10.
327 802 449 864 Elector
468 803 559 876 iubet,
579 811 613 861 ut
634 803 829 862 Fontanus
850 808 919 879 agat
939 819 1005 861 cnm
1027 801 1190 861 Academia
1213 811 1242 861 et
1265 820 1332 862 oum
1349 798 1489 880 Capitale
1512 801 1639 878 August.
1667 801 1705 861 de
1732 802 1898 863 intermisso
1924 802 1984 862 ritu
2005 801 2152 879 quotidia-

362 909 464 949 narum
485 890 656 959 missarum·
676 906 766 965 qnam
786 889 931 948 ιιιιοιιιι
952 888 1130 967 paulopost
1150 887 1294 966 Princeps
1316 887 1437 947 Elector
1458 888 1674 947 commendavit
1691 886 1915 949 Christiano
1936 887 2089 966 Beyerc.

254 976 304 1037 18.
326 974 401 1036 Fare
418 976 475 1036 hoo
496 986 628 1054 tempore
649 975 738 1053 legati
760 975 940 1052 Moguntini,
964 973 1164 1035 Fabricius
1184 983 1214 1033 et
1235 973 1451 1035 Stramerus
1469 991 1591 1034 oonven
1586 974 1649 1034 unt
1669 973 1890 1036 llelarthonem
1908 974 2095 1053 Vitebmgse,
2107 980 2151 1034 ιι

360 1075 483 1139 agerent
492 1082 559 1122 cum
577 1081 623 1132 eo,
644 1080 682 1120 ιι
692 1058 841 1121 Lutherua
857 1062 976 1139 scriptis
992 1061 1119 1140 publicis
1135 1061 1339 1132 vehementius
1356 1060 1525 1119 invehatur
1537 1061 1801 1186 Archiepiseopum
1811 1061 2028 1139 Nogunh’num,
2045 1062 2152 1120 iterum

361 1146 459 1208 Halae
480 1146 591 1210 Saxon.
613 1147 813 1227 indulgentias
831 1148 1048 1210 divendantem.

205 1233 304 1295 ’.20
326 1234 498 1295 Melanthea
521 1245 550 1295 et
570 1234 751 1293 Academiae
775 1234 921 1295 Doctores
938 1234 1070 1314 Principi
1090 1233 1222 1294 illectori
1244 1235 1424 1313 respondent
1444 1232 1482 1292 de
1502 1234 1601 1293 miens
1623 1233 1781 1312 abrogatis

137 1316 217 1382 Nos.
326 1316 400 1380 Cum
418 1321 486 1382 aliis
498 1322 675 1382 Academiae
693 1321 926 1381 Doctoribnse
894 1322 1069 1381 sententiam
1089 1341 1172 1381 suam
1194 1320 1264 1380 dicit
1281 1321 1317 1380 de
1339 1321 1437 1389 missis
1457 1319 1607 1398 sbregatip
1625 1328 1655 1379 et
1671 1322 1845 1389 ιιιιιιιιιιι
1863 1321 2072 1383 ιιιιιιίιιιίιίι
2088 1340 2152 1380 ιιι-

217 1449 220 1453 -
361 1408 442 1469 tatis.
465 1443 508 1454 -
528 1407 680 1468 Prodeant
701 1407 769 1466 Mel.
790 1408 1071 1485 propositiones
1088 1410 1132 1467 de
1153 1408 1273 1467 missa

328 1494 464 1554 Exeunte
487 1494 650 1553 Novembri
671 1492 817 1553 Lutherua
840 1495 914 1554 clam
936 1495 1017 1553 venit
1037 1493 1237 1572 Vitebergsm‚
1258 1493 1300 1552 ibi
1322 1493 1436 1570 aliquot
1456 1493 1522 1558 diss
1543 1504 1751 1554 commoratus.

111 1605 114 1610 ·
138 1578 212 1642 Deo.
299 1625 301 1629 ,
327 1579 402 1640 Loci
424 1580 584 1658 theologici
605 1581 730 1658 primum
752 1581 907 1658 prodeunt,
927 1583 1070 1659 iuscripta
1089 1579 1264 1640 'lilemanno
1286 1578 1448 1641 Plettnero·
1523 1646 1526 1651 Δ

256 1664 305 1728 12.
328 1667 491 1727 Academia
508 1667 668 1746 respondet
684 1664 814 1726 Electori
836 1669 873 1726 de
894 1666 1000 1728 ritibus
1022 1667 1229 1727 ecclesiasticis
1251 1666 1428 1742 Vitebergae
1450 1667 1576 1725 mutatis.

255 1751 305 1813 27.
327 1750 437 1813 Scribit
456 1754 493 1812 ad
522 1753 689 1832 Principem
712 1753 880 1813 Electorem
909 1754 945 1812 de
967 1752 1134 1832 prophetis,
1169 1753 1218 1830 qui
1240 1751 1364 1831 Gygnea
1385 1752 1584 1824 advenerunt,
1618 1752 1778 1830 eodemque
1804 1752 1853 1812 dis
1874 1752 1912 1810 de
1933 1751 2037 1810 eadam
2060 1771 2092 1811 rs
2114 1753 2152 1810 sd

360 1837 383 1899 S
433 1840 555 1899 atinum.

327 1839 495 1986 sseddanno
511 1926 660 2004 prodeunt
672 1926 755 1985 Arati
773 1925 984 1986 Phaenomena
1001 1927 1098 1985 dicata
1115 1924 1198 1987 Hier.
1210 1925 1461 2002 Baumgartnero3
1488 1958 1522 1970 -
1539 1922 1678 1985 canones
1699 1923 1854 2003 apostolici
1874 1924 1963 1984 dicati
1979 1920 2151 2004 Spalatiuot

361 2045 406 2059 -
425 2011 579 2071 Plutarchi
604 2030 701 2073 sermo
723 2012 885 2072 convivalis
908 2013 1023 2072 dicatus
1043 2011 1216 2093 Hermanno
1236 2010 1384 2070 Tulichio.
1428 2007 1637 2070 Demosthenis
1660 2011 1810 2070 orationes
1832 2010 1922 2085 duae,
1954 2009 1998 2070 lo.
2019 2009 2153 2071 Draconi

363 2100 537 2178 iuscriptae;
559 2131 601 2144 -
623 2097 747 2157 Lutheri
768 2097 843 2157 liber
864 2099 901 2158 de
923 2099 1009 2158 bonis
1035 2098 1174 2175 operibus
1197 2116 1262 2156 cum
1284 2096 1469 2174 praefatione
1490 2096 1701 2157 hlslsnthonis.
1727 2130 1767 2142 -
1791 2096 1989 2168 lielunthonis
2008 2098 2153 2175 scriptun

982 2437 1140 2545 ANNO
1187 2438 1312 2504 1522.
1444 2484 1446 2503 .

135 2613 201 2674 lau.
282 2618 308 2676 l.
328 2613 471 2693 Princeps
492 2615 621 2686 Elector,
643 2609 933 2685 inchoaveramus,
954 2632 1007 2691 ιι
1028 2610 1218 2673 Hanboldum
1241 2613 1278 2672 ab
1295 2613 1445 2672 liinsiedel
1475 2621 1505 2672 et
1526 2610 1689 2691 Georgium
1708 2608 1894 2691 Spoletinum
1921 2632 1960 2674 ex
1982 2615 2153 2687 Amadordo

363 2710 393 2760 et
414 2701 619 2769 Melanthone,
651 2700 682 2758 in
703 2699 875 2779 oppidulum
898 2699 1011 2759 Prettin
1028 2701 1157 2773 ιοιιιίι,
1184 2701 1316 2777 quaerit,
1345 2719 1399 2765 cnr
1419 2706 1502 2758 tanta
1522 2698 1721 2759 sollicitudine
1741 2701 1780 2761 sd
1800 2701 1900 2779 ipsum
1919 2700 2094 2778 soeipsarint
2114 2701 2153 2763 ds

361 2787 513 2866 prophetis
523 2781 748 2865 Cygueeusibus
769 2796 799 2845 et
817 2787 855 2846 de
875 2785 1043 2847 revocando
1065 2803 1102 2844 ea
1122 2787 1160 2845 de
1182 2804 1272 2848 cansa
1281 2783 1432 2846 Luthsre?
1445 2819 1487 2834 ·-
1497 2784 1624 2847 Postero
1641 2786 1689 2846 dio
1706 2805 1759 2864 per
1777 2787 1896 2848 eosdem
1912 2787 2051 2849 mandata
2065 2786 2152 2848 Pria·

360 2874 436 2952 cipis
457 2873 603 2932 Electoris
625 2871 809 2947 Melanthoni
832 2882 861 2932 et
882 2871 1052 2932 Amsdortio
1074 2873 1260 2933 nunciantur.
1822 2920 1826 2927 .

253 2962 303 3023 80.
326 2959 459 3037 Nuptiae
479 2957 659 3019 Oorlstadtii.
693 3037 698 3043 .

269 3115 277 3123 ¹
327 3046 500 3107 Melantbon
522 3047 697 3106 sententiam
717 3065 801 3106 suam
822 3046 859 3104 de
880 3045 989 3105 missae
1009 3045 1066 3104 ritu
1088 3047 1284 3125 perscriptam
1306 3047 1397 3106 tradit
1417 3043 1608 3106 liinsiedelio

253 3135 304 3196 tl.
328 3133 377 3194 De
399 3132 570 3205 Academia,
592 3133 629 3192 de
649 3128 864 3193 camerario
884 3140 915 3190 et
936 3130 1182 3211 Bugenhagie
1199 3133 1301 3193 scribit
1320 3133 1359 3192 ad
1380 3129 1574 3210 Spoletinum.

135 3218 222 3281 Febr.
272 3219 303 3281 2.
324 3218 524 3279 Einsiedelius
545 3218 765 3278 Melanthonem
785 3229 881 3297 rogat,
903 3228 936 3277 ut
957 3215 1108 3278 Gabrielis
1128 3218 1269 3298 Zwilling
1289 3219 1419 3280 furorem
1441 3219 1473 3278 in
1494 3219 1644 3279 mutandis
1664 3219 1770 3280 ritibus
1790 3221 1937 3299 seminat

276 3308 305 3366 5.
327 3304 511 3367 Einsiedelio
535 3306 636 3365 scribit
657 3306 695 3363 de
717 3306 846 3365 motibus
868 3324 886 3363 a
907 3303 1087 3366 Garlstadtio
1109 3307 1247 3365 excitatis
1269 3315 1298 3365 et
1320 3305 1358 3365 de
1375 3305 1467 3366 lonae
1487 3307 1608 3385 nuptiis.

274 3391 303 3451 8.
325 3389 497 3452 conventus
519 3390 766 3451 consiliariorum
788 3391 836 3451 Pr.
859 3390 1006 3452 illectoris
1028 3389 1209 3471 Eulenbnrgi
1230 3402 1351 3470 propter·
1372 3409 1457 3452 saera
1476 3392 1655 3471 perturbata

255 3478 305 3539 12.
327 3477 498 3538 Melanthos
522 3486 552 3535 et
572 3479 707 3537 doctores
728 3478 954 3556 Vitebergenses
977 3487 1117 3538 vocantur
1139 3479 1369 3557 Eulenburgum.

255 3566 303 3624 13.
327 3564 416 3623 Actio
438 3563 621 3642 Eulenbnrgi
643 3582 709 3622 cnm
732 3566 843 3624 vocatis
865 3566 902 3623 de
924 3563 1029 3624 ritibus
1049 3566 1178 3626 mutatis.

327 3651 429 3709 Mense
452 3649 538 3709 Pebr.
561 3651 704 3728 Princeps
726 3649 846 3709 Elector
865 3669 919 3728 per
940 3648 985 3710 lo.
1007 3647 1181 3712 Osvvaldum
1203 3652 1332 3712 consulit
1352 3651 1515 3712 Lutherum
1539 3634 1588 3712 ds
1597 3651 1692 3712 turbis
1711 3650 1983 3730 viategemibu

137 3736 223 3797 litat
275 3739 304 3798 7.
324 3734 473 3796 Lutherua
496 3738 576 3795 venit
596 3737 796 3813 Vitebergam
818 3744 973 3797 revocatus
996 3758 1015 3795 a
1035 3739 1097 3797 suis
1119 3740 1192 3813 (vid.
1216 3740 1306 3816 epd.
1333 3739 1382 3801 12,
1405 3738 1492 3799 Mart.
1515 3737 1544 3797 h.
1565 3741 1622 3811 a).

254 3823 306 3883 25.
327 3821 373 3880 In.
396 3821 536 3895 Hessum,
559 3822 831 3896 Vratialatienscm‚
853 3824 996 3896 hortatur,
1019 3831 1052 3885 ut
1074 3833 1177 3885 cautus
1198 3824 1289 3883 sitin
1312 3824 1418 3884 ritibus
1439 3823 1595 3894 mutandis¹

255 3909 305 3970 30
329 3906 404 3970 Cum
427 3866 557 3967 Lutheio
579 3908 741 3968 elaborat
732 3927 763 3967 ιιι
784 3910 1024 3986 recognoscenda
1046 3909 1168 3970 Lutheri
1191 3913 1325 3970 versione
1347 3912 1517 3989 germanica
1534 3908 1574 3969 N.
1595 3909 1676 3970 Test

327 3993 474 4054 Lutherua
494 3996 533 4054 ad
540 3989 754 4095 'Spalatinumt
791 3994 919 4070 „Totum
929 3994 1152 4057 Testamentum
1173 4016 1282 4058 uorum
1303 3999 1336 4058 in
1357 3998 1477 4075 pathmo
1499 4015 1567 4056 meo
1590 4005 1751 4067 verteram,
1773 4016 1874 4057 verum
1895 3997 1997 4058 omnia
2010 3998 2157 4058 nunculi-

361 4099 442 4139 mars
463 4081 614 4159 coepimus
631 4037 806 4158 Philippus”
807 4091 838 4140 et
858 4085 943 4160 ego.“

327 4166 519 4226 Recudnntnr
541 4167 598 4226 loci
617 4166 787 4242 theologici.

226 4248 230 4254 ’
325 4250 483 4379 inceperat
504 4253 631 4313 scribere
653 4252 808 4330 epistolam
830 4254 867 4312 de
889 4255 996 4314 veteris
1017 4255 1098 4316 ‘lest
1122 4273 1187 4327 ιιι
1208 4256 1262 4315 ιιι
1283 4257 1410 4316 mediam
1430 4256 1556 4333 abrupit.
1600 4255 1662 4333 (aa
1683 4256 1721 4314 de
1741 4275 1775 4315 ιι
1796 4258 1916 4334 scripsit
1937 4265 2051 4335 postea,
2074 4274 2154 4319 auno

14 4471 16 4474 ⁴
137 4425 232 4504 April.
276 4428 304 4485 7.
328 4383 493 4485 Hesiodirm
517 4435 643 4484 enarrat.

249 4542 253 4551 ·
327 4511 405 4571 Toto
427 4512 486 4570 hoc
507 4528 608 4570 mense
630 4513 661 4570 in
682 4514 921 4590 recognoscenda
942 4510 1067 4573 liutheri
1091 4515 1233 4575 versione.
1247 4515 1416 4591 germanica
1436 4513 1478 4573 N.
1498 4512 1534 4572 T.
1557 4523 1727 4592 occupatur.

135 4596 307 4676 naioraq.
328 4593 464 4657 Consulit
486 4594 680 4677 Spoletinum,
701 4594 874 4671 Sturtsium,
895 4597 1035 4670 Bessum,
1058 4595 1187 4660 Cordum
1209 4602 1247 4659 de
1268 4602 1364 4662 numia
1385 4602 1417 4658 in
1438 4601 1585 4678 scriptura
1606 4617 1692 4659 sacra
1712 4601 1955 4660 commemoratis.

148 4704 173 4725 ···
199 4704 202 4709 ·
242 4708 245 4717 ·
275 4685 304 4745 t.
326 4682 448 4743 Lutheri
471 4685 568 4742 versio
588 4685 757 4762 germanica
779 4683 819 4745 N.
841 4684 887 4745 T.
900 4684 1037 4744 absoluta
1057 4697 1087 4744 ιι
1107 4686 1305 4766 typographis
1326 4687 1434 4746 tradita
1455 4694 1507 4768 est

256 4770 303 4829 10.
326 4768 400 4830 Loci
422 4770 582 4847 theologici
604 4773 697 4842 (nnnc
719 4770 999 4849 Hypotyposss
1020 4773 1168 4850 inscripti)
1190 4772 1316 4833 absoluti
1339 4781 1417 4845 sunt,
1440 4781 1469 4832 et
1489 4773 1645 4832 mittuntur
1654 4768 1823 4850 spalatino,
1845 4773 1893 4831 cui
1913 4772 2018 4834 scribit
2039 4773 2155 4835 uelan-

266 4888 268 4893 ·
311 4856 443 4929 rthon,
466 4857 538 4934 quid
560 4860 591 4915 in
613 4856 689 4916 libro
710 4858 874 4919 mutaverit.
927 4892 937 4919 ,-
1958 4909 1963 4919 .
2091 4908 2094 4919 .

136 4940 203 5002 lua
322 4939 371 5001 De
394 4942 536 5020 dignitate
558 4961 685 5021 poeseos
703 4943 806 5021 scribit
827 4943 865 5002 ad
886 4943 931 5002 lo.
953 4942 1092 5003 Hessuua

328 5027 452 5088 Homeri
475 5028 557 5089 Iliad
581 5039 767 5088 enarraverat
788 5029 820 5087 in
837 5028 955 5088 scholis.

136 5113 190 5174 lul.
276 5117 305 5174 4.
325 5113 474 5190 Lutherus
496 5117 533 5176 ad
555 5113 753 5195 Spalatiunmt
802 5113 919 5190 ¹,Quam
942 5115 1058 5188 rehem,
1079 5126 1113 5175 ut
1135 5133 1254 5177 ιιιιιιι
1274 5117 1448 5195 aliquando,
1471 5074 1643 5196 Philippum
1670 5138 1691 5177 a
1705 5119 1904 5196 gramm
1924 5118 2052 5183 lecticas?
2072 5137 2156 5181 amu-
