4590 5588
132 1764 301 1883 domiuo
327 1805 461 1911 tandem
487 1826 586 1900 opere
612 1790 893 1889 Melanthonia'no,
921 1799 1003 1872 illud
1028 1799 1137 1873 adhuc
1163 1824 1182 1872 a
1209 1800 1304 1909 nobis
1331 1801 1402 1872 iure
1428 1800 1514 1897 exigi
1542 1825 1636 1898 posse
1662 1801 1844 1892 videbatur,
1871 1811 1909 1875 ut
1935 1801 2059 1875 indices
2086 1801 2149 1875 ad-

79 2016 81 2021 ,
135 1967 299 2054 (letemus,
326 1984 465 2061 quorum
492 1979 554 2054 ope
580 1955 708 2057 singula
734 1952 875 2051 Philippi
901 1953 1020 2050 scripta
1052 1976 1112 2050 per
1143 1928 1315 2026 volumina·
1334 1954 1447 2048 viginti
1474 1964 1548 2028 octo
1581 1955 1736 2052 disposita
1770 1957 1874 2029 lector
1900 1956 1987 2028 sacili
2013 1917 2152 2050 negotio¹

136 2119 281 2192 invenire
308 2125 426 2214 posset
468 2106 642 2183 Habentur
667 2096 821 2206 equidem
848 2106 1010 2180 eiusmodi
1037 2106 1161 2180 indices
1186 2117 1257 2181 tum
1283 2108 1419 2202 singulis
1445 2109 1664 2251 voluminibpqa
1690 2110 1839 2206 praefixi,
1867 2119 1938 2182 tum
1964 2109 1999 2181 in
2019 2108 2148 2181 decimo

136 2273 283 2360 collecti3
326 2270 384 2343 sed
419 2290 526 2363 neque
559 2262 731 2335 commode
762 2262 804 2336 ad
839 2271 889 2334 tot
928 2261 1092 2334 volumina
1125 2261 1299 2334 evolvenda
1334 2261 1505 2356 ablegatur
1544 2250 1610 2360 qui
1639 2286 1744 2356 unum
1783 2263 1918 2335 tortasse
1955 2262 2149 2359 opusculum

137 2451 274 2502 unamve
302 2424 473 2522 epistolam
500 2418 646 2517 quaerit,
674 2426 708 2490 et
732 2441 808 2490 vero
835 2417 937 2489 multa
963 2415 1190 2512 supplementa
1217 2414 1425 2512 postmodum
1452 2426 1682 2507 accreverunt,
1710 2417 1856 2514 quaein
1888 2417 1958 2490 istis
1986 2414 2150 2489 indicibus

138 2580 274 2653 indicari
307 2602 373 2650 non
407 2581 596 2673 potuerunt.
650 2571 824 2643 Communi
859 2571 970 2667 itaque
997 2567 1171 2641 commodo
1197 2569 1320 2664 optime
1347 2570 1392 2641 ita
1419 2570 1604 2643 consultum
1631 2572 1671 2643 iri
1698 2573 1897 2668 potavimus,
1932 2579 1970 2642 ut
1997 2570 2053 2668 qui
2080 2569 2151 2641 sin·

54 2813 59 2819 ,
138 2737 223 2832 gulis
248 2730 466 2805 voluminibus
502 2727 636 2835 prochori
669 2727 735 2798 iam
761 2725 924 2797 hahentur
956 2723 1098 2810 indices,
1131 2724 1166 2794 in
1193 2746 1293 2794 unam
1319 2723 1464 2796 tabulam
1491 2725 1678 2819 generalem
1704 2720 1731 2808 Α
1757 2714 2006 2821 colligerentur,
2043 2734 2170 2797 totum·

118 2834 252 2985 ⁴viginti
279 2897 354 2959 octo
379 2883 582 2956 voluminum
615 2905 700 2977 opus
723 2853 859 2977 eiusque
892 2878 1139 2974 dispositionem
1166 2902 1234 2948 uno
1261 2879 1353 2975 quasi
1387 2878 1504 2951 obtutu
1531 2879 1753 2953 exhibentem.
1808 2880 1896 2952 Huic
1921 2879 2151 2952 subiunximus

142 3044 283 3116 indicem
305 3040 333 3121 B
360 3037 600 3135 alphabeticum
628 3058 742 3106 eorum
769 3033 939 3105 hominum
967 3032 1008 3103 ad
1035 3056 1116 3128 quos
1142 3032 1333 3103 Melanthea
1361 3033 1513 3128 epistolas
1539 3033 1756 3130 praelationes
1782 3033 1902 3105 iudicia
1929 3033 2073 3128 scripsit,
2109 3055 2151 3104 ex

141 3198 306 3273 volumine
339 3193 467 3267 decimo
500 3192 611 3281 denuo
643 3147 849 3284 expressum,
887 3186 945 3258 sed
980 3184 1190 3258 emendatum
1217 3197 1315 3283 atque
1341 3196 1492 3275 auctum,
1519 3188 1754 3301 supplementis
1781 3210 1865 3284 quae
1892 3210 1952 3283 per
1977 3195 2152 3283 sequentes

142 3365 248 3426 tomos
275 3372 383 3447 sparsa
411 3349 565 3441 leguntur
589 3367 650 3415 suo
676 3340 830 3439 quodque
863 3342 935 3411 loco
961 3340 1109 3428 insertis,
1144 3341 1262 3412 omissa
1289 3343 1501 3414 annotatione
1527 3342 1697 3431 historica,
1734 3365 1833 3439 quam
1860 3341 2030 3439 quaerenti
2058 3340 2152 3411 lacile

143 3505 315 3606 praebebit
338 3514 447 3574 tomam
473 3500 630 3572 decimus.
684 3498 782 3568 Hunc
809 3495 976 3591 excipiunt
1001 3495 1146 3592 quinque
1174 3494 1314 3585 indices,
1346 3491 1371 3574 C
1397 3495 1535 3569 aliorum
1566 3497 1707 3568 virorum
1734 3520 1874 3593 quorum
1901 3504 1971 3568 tum
1998 3495 2154 3591 epistolae

145 3673 215 3735 ham
242 3660 304 3732 alia
331 3640 448 3753 scripta
470 3652 747 3727 Melanthonianis
769 3651 955 3722 intermixta
982 3651 1153 3742 leguntur,
1183 3646 1210 3728 D
1231 3648 1493 3722 testimoniorum
1520 3675 1538 3723 a
1561 3651 1711 3747 Philippo
1737 3651 1908 3738 datorum,
1935 3647 1964 3730 Ε
1991 3649 2153 3721 dictorum

145 3814 339 3915 philothecis
366 3789 671 3906 inscriptorum,1l
697 3805 952 3914 praelationum,
986 3799 1012 3883 G
1039 3778 1232 3875 iudiciorum
1260 3805 1470 3877 consiliorum
1505 3806 1745 3897 narrationum,
1773 3816 1806 3877 ct
1832 3805 1893 3899 ipsi
1920 3826 1961 3874 ex
1988 3801 2154 3875 volumino

146 3972 275 4044 decimo
301 3967 449 4064 repetiti,
477 3963 535 4036 sed
561 3962 696 4035 correcti
724 3970 758 4032 et
782 3958 933 4054 suppleti.
989 3959 1055 4043 Qui
1083 3968 1162 4029 tuno
1187 3969 1369 4055 sequuntur
1395 3959 1518 4031 indices
1554 3961 1715 4057 quinque,
1747 3957 2011 4054 flepistolarum
2037 3956 2155 4052 alpha·
2232 3907 2240 3915 -

146 4126 274 4199 beticus
300 4120 497 4218 perinitia,
525 4117 538 4196 Ι
565 4115 651 4196 etl(
679 4114 878 4201 carminum,
916 4093 1173 4198 Lordtionum,
1211 4109 1526 4208 blpropositionum
1553 4125 1588 4186 et
1613 4113 1888 4209 disputationum,
1916 4111 2052 4182 omnino
2079 4111 2154 4182 novi

149 4285 365 4353 accesserunt.
421 4273 472 4344 Ad
499 4274 580 4343 haec
615 4271 713 4341 etiam
741 4268 874 4338 annales
907 4267 990 4336 vitae
1015 4267 1304 4337 Melanthoninnne
1330 4291 1389 4362 per
1415 4292 1530 4339 novem
1556 4269 1663 4364 priora
1690 4267 1854 4339 volumina
1880 4289 2008 4362 sparsos
2035 4267 2154 4338 iterum

96 4441 98 4444 ’
149 4433 367 4532 expressimus
394 4430 427 4499 in
455 4452 557 4499 unum
585 4433 766 4518 congestos.
812 4426 920 4496 Erunt
945 4422 1091 4509 tortasse,
1120 4421 1176 4517 qui
1204 4420 1345 4493 indicem
1364 4424 1506 4520 'quoque
1530 4445 1639 4494 rerum
1666 4433 1764 4519 atque
1790 4420 1963 4511 verborum
1990 4419 2154 4491 adiectum

79 4644 86 4651 -
150 4591 260 4675 velint,
288 4584 534 4681 amplissimum,
563 4581 672 4652 omnia
699 4579 904 4675 complexum
932 4575 1047 4647 ordine
1073 4574 1290 4671 alphabetico,
1318 4601 1419 4673 quum
1447 4576 1547 4648 nostri
1576 4576 1699 4650 indices
1725 4598 1823 4671 opera
1846 4585 1974 4647 tantum
1996 4574 2154 4664 indicent,
2229 4656 2235 4672 ἡ

151 4769 218 4816 non
244 4741 371 4836 singula
399 4743 483 4835 qdae
509 4736 549 4807 iis
575 4735 785 4807 continentur
810 4733 955 4819 nomina,
983 4731 1091 4818 verba,
1119 4729 1214 4817 iacta,
1242 4753 1305 4818 res,
1333 4731 1521 4803 sententias.
1570 4731 1637 4816 Qui
1664 4729 1862 4825 expendant,
1890 4727 2050 4800 eiusmodi
2074 4750 2155 4823 opus

153 4920 223 4971 esse
258 4895 381 4968 altioris
421 4891 583 4984 indaginis
618 4888 777 4984 molisque
811 4887 908 4981 longe
944 4886 1075 4957 maioris
1112 4908 1211 4982 wem
1244 4908 1328 4981 quae
1360 4887 1423 4958 hoc
1458 4909 1525 4957 uno
1559 4884 1703 4956 indicum
1729 4884 1895 4956 volumine
1926 4883 2024 4954 simol
2057 4872 2159 4978 queat
