4590 5588
155 175 221 245 an
321 124 373 241 n.
401 172 593 244 muscus
636 174 684 243 n.
716 173 858 245 mnan
878 175 1247 246 ruorosruonun
1268 175 1326 242 nu
1347 175 1717 255 urscnnnnonun
1738 173 1853 244 enm
1874 133 1979 245 nan
2104 172 2195 248 aas·

155 365 204 428 De
224 366 415 427 Poenitentia
438 368 510 430 548.
1232 365 1392 448 Gogelerus
1415 367 1706 450 Qnsdlinburgensis,
1729 378 1759 430 et
1780 369 1821 435 M.
1843 366 1956 428 Paulus
1977 362 2105 427 Orellius
2124 365 2169 427 ls-
2261 382 2264 393 ’

156 444 205 514 De
226 452 361 513 lubilaeo
384 455 457 517 555.
1231 456 1369 518 lobiensis
1390 458 1462 520 645.
1473 506 1485 540 Δ
1662 479 1663 482 “

156 537 204 601 De
225 539 425 614 Invocatione
447 537 570 618 Semper
590 549 689 615 orato,
712 549 742 600 et
760 559 821 601 non
842 540 1041 618 defatigamini
1063 542 1135 604 560.
1188 542 1412 618 Propositioues
1432 543 1469 601 de
1488 541 1781 604 indiciis-Ecclesiae
1804 540 1876 601 657.
1996 616 1998 621 y

155 623 205 686 De
226 625 371 698 Ecclesia,
394 633 424 685 et
443 628 568 704 propria
588 627 742 687 Ecclesiae
762 628 896 688 doctrina
918 629 990 690 566.
1125 681 1132 696 ,
1187 626 1412 703 Disputationes
1437 629 1530 689 duae:
1555 630 1593 688 de
1621 623 1739 689 iusticia
1759 626 1831 687 fidei
1853 633 1882 685 et
1908 625 1945 685 de
1965 623 2051 685 bonis
2073 622 2170 702 operi·

156 710 205 773 De
226 712 393 771 discrimine
414 710 489 790 legis
511 721 540 771 et
560 712 716 791 Evangelii
738 713 811 775 576.
1232 713 1286 773 bus
1309 714 1380 774 664.

156 797 206 859 De
229 797 386 857 creationis
407 800 523 859 actione
547 799 619 862 585.
1189 795 1296 876 Capita
1317 801 1522 877 disputationis
1539 801 1576 859 de
1598 799 1752 874 Ecclesia,
1773 796 1909 871 iusticia,
1931 795 2007 856 Fide
2027 812 2062 854 ac
2083 793 2169 854 mini·

82 948 96 973 ,
156 884 395 964 Propositiones‚
418 885 455 943 de
477 885 583 963 quibus
606 884 766 963 disputavit
786 884 828 946 Μ.
849 884 1041 946 Tilemannns
1061 883 1139 945 Hes-
1231 887 1321 945 sterio
1343 887 1416 960 eins,
1438 905 1475 945 ex
1496 885 1593 945 Iesaia
1615 885 1688 948 077.

199 970 303 1030 husius
323 967 533 1031 Wussahensis
557 972 629 1033 588.
1187 969 1237 1031 De
1257 972 1345 1032 rebus
1366 972 1495 1050 politicis
1518 969 1598 1049 689]Ι

156 1055 390 1135 Propositiopes,
427 1058 465 1116 de
500 1057 607 1135 quibus
632 1056 793 1136 disputavit
823 1055 970 1117 Hernicus
997 1053 1137 1119 Sthenius
1189 1057 1260 1117 Alia
1280 1059 1442 1135 propositio
1466 1058 1538 1117 685.

199 1142 359 1202 Munderus
381 1143 451 1205 600.
1160 1089 1169 1205 d
1188 1142 1238 1204 De
1258 1151 1410 1203 contractu
1432 1143 1642 1220 redemptionis
1665 1142 1738 1203 686.

120 1259 122 1263 >
157 1227 392 1307 Propositiones,
410 1230 448 1288 de
465 1228 573 1307 quibus
583 1229 797 1308 responderunt
809 1228 858 1288 Μ.·
866 1225 1015 1307 Georgius
1028 1233 1138 1307 Aemy·
1162 1209 1167 1282 l
1188 1225 1237 1288 De
1256 1230 1423 1290 discrimine
1445 1229 1600 1306 Evangelii
1622 1236 1651 1288 et
1668 1222 1878 1304 Philosophiae
1900 1222 1973 1287 689.

199 1313 257 1374 hus
280 1314 506 1375 ldansloldensis
535 1323 565 1375 ot
591 1313 695 1378 Simon
720 1313 876 1388 Musaeus,
906 1324 935 1374 et
962 1316 1004 1376 M.
1031 1315 1139 1376 Petrus
1188 1314 1236 1375 De
1253 1316 1341 1376 Pauli
1362 1316 1455 1375 dicto:
1477 1315 1584 1376 Videte
1605 1333 1644 1374 ne
1666 1314 1732 1392 quis
1754 1321 1807 1373 ete
1830 1312 1902 1375 691.

56 1446 62 1453 .
200 1397 370 1460 Praetorius
394 1398 593 1463 Cotbnsianns
617 1402 689 1463 611.
1189 1402 1238 1462 De
1259 1402 1413 1465 haereticis
1434 1403 1592 1482 puniendis
1613 1420 1668 1482 per
1686 1400 1890 1479 Magistratum
1913 1393 1985 1456 696.

156 1485 378 1565 Propositiones
399 1488 437 1546 de
458 1489 627 1549 discrimine
650 1505 737 1546 uerae
755 1485 908 1548 Ecclesiae
929 1486 990 1547 Dei
1012 1495 1042 1547 et
1067 1489 1139 1548 alio·
1189 1487 1238 1548 De
1260 1489 1436 1568 perfectione
1457 1489 1617 1549 christiana
1639 1488 1712 1549 698.

199 1589 264 1631 rum
286 1572 438 1633 hominum
461 1574 534 1638 622.
1189 1573 1237 1634 De
1259 1577 1371 1637 saumis
1392 1593 1445 1652 per
1465 1576 1604 1636 accidens
1622 1574 1697 1635 699.
1789 1650 1793 1659 ,

156 1655 396 1736 Propositiones,
423 1660 589 1737 dequibus
610 1659 770 1738 disputavit
788 1658 829 1718 Μ.
849 1653 1005 1720 comedo
1024 1658 1138 1719 Becker
1188 1658 1293 1723 Casus.
1326 1663 1390 1738 (De
1411 1666 1530 1741 stupro)
1553 1658 1641 1742 tou}

200 1741 424 1807 Brunsvicensis
447 1747 519 1807 634.
1189 1748 1260 1808 Alia
1281 1751 1353 1812 701.
1515 1779 1517 1783 ·

155 1827 396 1906 Propositiones,
432 1832 468 1890 de
499 1832 605 1908 quibus
638 1831 854 1909 responderunt
883 1824 996 1890 Paulus
1025 1830 1140 1893 Eberus
1188 1834 1259 1895 slis
1280 1835 1353 1896 702.

198 1912 411 1994 Kittingensis‚
439 1915 603 1993 cimbrica,
630 1917 773 1980 Ermmus
796 1913 922 1991 Laetus,
948 1918 989 1977 Μ.
1011 1916 1140 1980 Ioannes
1191 1920 1262 1979 Alis
1284 1920 1355 1982 703.

1037 4975 1289 5052 Brunsvigae,

926 5092 1007 5158 'lypis
1026 5104 1173 5158 expressum
1192 5093 1232 5143 Μ.
1250 5093 1400 5147 Brnhuil.
