4590 5588
123 165 212 245 'm
789 159 975 230 PillLlPPl
1000 159 1320 234 trumonis
1343 161 1503 230 OPERA.
1621 167 1631 190 ⁸
2095 162 2164 237 ΙΙ*

121 356 210 427 ,lou
264 355 313 415 30.
338 336 496 425 Ριιιιιιι,
516 353 712 413 ΜιΙιιιιοιιι
734 371 834 431 gener,
854 357 1039 417 renuntietur
1056 359 1086 417 in
1110 358 1204 418 seed.
1227 356 1288 416 vit.
1311 356 1415 416 doctor
1435 358 1507 416 srtis
1528 357 1668 428 mediore,
1699 359 1737 418 ud
1754 375 1842 436 quam
1863 358 2075 435 promotionem
2096 356 2165 417 Ιν

368 441 491 499 lauthon
514 441 632 518 scripsit
654 441 860 500 orationem
881 441 924 500 de
947 440 1136 521 Gregorio
1156 443 1335 503 Pontano.

144 527 231 589 reor.
283 530 313 588 3.
336 527 404 587 liei.
428 536 644 598 commemorat,
666 526 737 603 quid
757 527 795 584 sit
810 522 982 587 Latinum
1002 527 1269 606 Bechinganss.

278 616 307 673 4.
332 612 505 690 Respondet
526 613 562 669 ud
585 612 698 671 litterus
720 631 758 670 ex
776 612 929 672 Pannonis
951 622 980 672 et
1000 615 1123 674 Austris
1140 626 1276 692 acceptas
1297 614 1349 691 (oi.
1374 613 1402 675 8.
1422 613 1534 690 Febr),
1557 616 1588 674 in
1611 614 1716 691 quibus
1743 615 1781 674 sb
1803 634 1838 674 eo
1860 615 1983 692 petitum
2004 613 2109 688 luerat,
2126 622 2161 673 ut

369 716 454 757 suum
475 699 512 757 de
534 715 618 756 secra
639 716 740 758 coeno
752 698 925 770 seutentiam
943 700 1143 776 perscriberet.

334 787 487 864 Augustus
506 784 554 842 Pr.
573 783 693 842 Elector
714 793 813 843 monet
835 792 988 862 utrumque
1005 787 1213 858 Academiam,
1247 785 1342 844 Viteb.
1366 795 1395 843 et
1414 782 1508 863 Lips,
1541 804 1580 844 ιι
1597 787 1709 863 scriptu
1728 786 1864 860 ιιιιιιι,
1896 804 1972 863 quse
1999 787 2174 846 conomius.

292 930 296 934 .
369 871 573 948 theologorum
593 879 729 948 augeant
773 868 833 945 (Cf.
857 889 902 949 ep.
923 872 951 930 d.
975 873 1003 931 8.
1025 871 1128 950 Febr)

168 992 172 1001 ·
262 958 311 1019 16.
333 955 405 1016 liei
427 956 607 1035 praefatur
598 975 629 1015 ιι
651 974 735 1017 suum
754 951 870 1035 Corpus
892 957 1043 1017 doctrines
1063 958 1195 1017 latinum.

175 1100 179 1107 .
260 1043 310 1104 88.
334 1041 477 1102 Hortatur
499 1042 763 1120 Heidenbergium‚
781 1061 829 1111 ne,
851 1044 930 1120 quod
951 1044 1113 1104 adversarii
1135 1044 1198 1104 eius
1220 1042 1367 1113 volebant,
1389 1042 1505 1119 publicu
1525 1043 1566 1102 de.
1579 1061 1712 1103 coenas.
1735 1043 1903 1104 instituetur
1924 1044 2092 1122 disputetio

144 1128 231 1195 llart.
283 1125 761 1206 5.1egetiWirtembergenses,
795 1129 924 1188 Palatini
947 1139 976 1188 et
998 1129 1133 1190 Hassiaci
1157 1129 1291 1206 flagitent
1312 1127 1350 1188 sb
1370 1129 1541 1206 Augusto,
1554 1128 1603 1188 Pr
1629 1129 1779 1203 illectore,
1801 1140 1834 1189 ut
1854 1130 1986 1210 synodus
2007 1129 2161 1208 theologo·

367 1234 433 1273 rum
456 1222 639 1274 convocetur.

279 1300 503 1360 Melanthos
526 1300 660 1359 hortetur
677 1296 865 1377 Chytrneum,
885 1319 924 1359 ne
945 1301 982 1359 de
1003 1319 1096 1360 coena
1117 1319 1203 1361 sacra
1218 1301 1355 1378 disputet.

136 1386 143 1392 '
264 1388 313 1446 14.
334 1384 458 1445 Duvidis
479 1385 597 1463 Voigt
616 1386 775 1465 disputatio
797 1385 945 1465 publicu
935 1405 967 1453 ιι
989 1387 1082 1447 need
1105 1387 1203 1447 viteb.
1204 1405 1284 1463 ,pro
1301 1386 1395 1463 gredo
1421 1385 1550 1445 doctoris
1570 1368 1763 1464 Theologisc.

262 1471 312 1533 25.
335 1471 404 1531 liei
426 1472 531 1531 indicit
547 1471 788 1550 praelectiones
779 1489 809 1529 m
827 1471 908 1531 locos
929 1490 999 1532 suus
1021 1472 1144 1532 theol
1133 1493 1165 1533 ιι
1183 1472 1284 1533 schola
1309 1471 1468 1531 habendas
1564 1522 1567 1529 .

336 1558 407 1617 Edit
428 1557 586 1616 secundam
605 1566 718 1635 purtem
740 1551 879 1616 chronici
902 1552 1048 1631 Curionis,
1070 1560 1197 1618 dicrum
1219 1555 1409 1635 sigismundo
1430 1557 1582 1635 llpiscopo
1606 1558 1797 1636 blapdeburg

336 1640 460 1721 Scripsit
481 1644 539 1703 boc
560 1661 673 1702 mense:
693 1644 729 1702 de
748 1662 851 1703 norma
869 1644 1000 1703 iudicii
992 1662 1022 1702 ιι
1045 1645 1197 1716 Ecclesia3
1223 1645 1260 1703 de
1281 1643 1451 1703 definitione
1469 1644 1545 1720 legis
1564 1644 1692 1704 moralis

263 1730 314 1790 30.
335 1728 471 1789 Exeunte
493 1748 593 1787 mense
613 1727 745 1808 Lipsiam
767 1728 960 1808 proficiscitur
980 1730 1018 1789 ud
1040 1731 1249 1809 explorandam
1270 1730 1433 1789 ιιιιιιιιιι
1453 1729 1704 1802 ιιιιιιιιιιιιιιι,
1729 1732 1781 1809 qui
1799 1731 1954 1809 stipendiis
1974 1731 2127 1788 aluntur.-

214 1858 222 1876 .
284 1818 314 1874 4.
335 1814 462 1874 Domum
481 1813 681 1893 proficiscitur.

282 1903 313 1961 5
334 1900 463 1959 Advenit
485 1900 674 1978 Vitebergam
693 1911 817 1959 ventus
844 1921 863 1957 ιι
883 1900 1104 1978 digererem.

285 1988 313 2046 7.
333 1982 481 2064 Scriptum
502 1987 539 2045 de
560 1987 727 2064 praesentia
748 1987 878 2064 eorporis
899 1985 1040 2046 Christi
1031 2005 1063 2045 ιι
1081 2004 1175 2046 ιοιιι
1196 2004 1220 2048 ι.

283 2072 313 2131 8.
335 2067 474 2133 Calculus
487 2073 522 2131 ·ei
540 2071 610 2130 iacit
631 2072 747 2132 dolores
768 2071 965 2132 saevissimos.
1010 2069 1174 2149 Corripitur
1194 2092 1212 2133 a
1233 2071 1309 2131 febri
1330 2071 1465 2130 tertiana

284 2158 313 2217 9.
337 2159 494 2229 Peucerus,
515 2157 660 2217 sollicitus
681 2157 783 2217 morbo
805 2157 1011 2230 Melanthoms,
1033 2159 1159 2217 accersit
1181 2158 1362 2218 loschimum
1383 2152 1593 2218 Cumsrarium.

265 2244 314 2303 10.
337 2243 405 2306 Mel.
424 2244 522 2323 pergit
542 2244 573 2303 in
594 2238 743 2304 Chronico
765 2239 901 2303 Carionis
921 2244 1059 2303 dictando
1087 2261 1182 2322 usque
1203 2247 1241 2305 ud
1262 2242 1402 2306 Carolum
1425 2243 1574 2324 lingrtum.

265 2331 316 2394 11.
336 2329 440 2390 Febris
459 2330 591 2390 recurrit.

265 2416 315 2476 10.
338 2414 447 2477 Scribit
465 2415 613 2495 pagellam
634 2414 751 2495 publice
771 2413 948 2493 affigendam
971 2423 1000 2472 ut
1020 2417 1111 2474 utitur
1133 2435 1225 2476 cuens
1246 2434 1331 2476 sacra
1352 2416 1467 2494 publice
1487 2417 1517 2474 in
1535 2415 1654 2492 templu.

337 2502 451 2562 Versus
472 2521 625 2580 vesperam
646 2502 724 2561 redit
743 2500 841 2560 febris.

337 2583 525 2649 Camerarius
544 2586 672 2648 ervenit.

266 2676 314 2733 14.
336 2670 432 2733 Sentit
448 2673 631 2746 Melautbon,
652 2691 685 2732 se
702 2671 784 2730 brevi
804 2672 975 2730 moriturum
998 2688 1070 2731 esse.

268 2759 315 2818 15.
336 2758 441 2818 Febris
461 2760 566 2818 iterum
588 2759 721 2818 recurrit.

190 2886 203 2897 ι.
267 2845 315 2905 16.
337 2843 508 2904 nomnen
529 2844 662 2905 ultimam
678 2841 780 2904 scribit
798 2843 962 2922 epistolam.

338 2928 523 2993 Camerarius
543 2928 675 3032 Lipsiam
693 2927 886 3021 proficiscitur
904 2930 1088 3008 promittens,
1110 2946 1143 2988 se
1161 2949 1232 2990 mox
1253 2931 1412 2989 rediturum
1433 2945 1507 2990 essu.

268 3017 316 3077 18.
338 3016 534 3076 Melanthon
525 3017 629 3095 incipit
650 3006 854 3076 testimenium
872 3032 956 3075 suum
973 3015 1118 3090 scribere,
1140 3016 1193 3075 sed
1213 3015 1287 3076 illud
1308 3017 1346 3075 ud
1367 3017 1457 3075 finem
1477 3034 1537 3073 uon
1559 3014 1702 3092 perducit.

197 3152 200 3157 .
253 3104 315 3164 19.
335 3101 461 3183 Vesperi
479 3104 638 3180 quadrante
660 3104 751 3163 horse
768 3109 842 3165 unte
857 3101 1013 3180 septimam
1037 3103 1167 3162 moritur.

267 3186 316 3247 80.
338 3189 447 3249 llortui
466 3189 556 3250 iacies
576 3188 614 3249 sb
631 3190 742 3250 artifice
760 3187 938 3267 duplum,
959 3196 988 3246 et
1010 3205 1117 3267 corpus
1138 3188 1376 3267 conspiciendum
1399 3188 1557 3266 exponitur
1577 3187 1722 3260 omnibus,
1745 3187 1796 3265 qui
1817 3195 1967 3248 mortum
1987 3188 2086 3248 videre
2107 3205 2161 3247 sx-

372 3275 521 3353 petebsnt

265 3358 317 3420 21.
339 3359 455 3439 Corpus
476 3360 674 3423 lielsutbonis
694 3358 842 3442 sepelitur
