4590 5588
790 174 981 245 ιιιιιιιιι
1006 175 1326 265 ammaonte
1354 175 1514 246 creua.

146 372 242 433 Mart·
258 376 309 436 81.
330 369 578 443 Franciacua,
602 365 720 429 Galliae
741 387 806 443 rex,
829 340 961 430 moritui.

146 456 241 538 Apa-il.
283 458 313 518 2.
335 457 464 518 loannes
485 453 673 533 Stigeliua
692 463 890 514 commoratur
911 456 1076 519 liricrdiac.

336 543 525 605 Camerarius
542 541 738 619 proficiscitur
759 542 789 600 ιιι
811 540 1016 602 Praeconium.

284 633 314 694 5.
340 629 425 691 Uxor
446 627 642 689 Melanthcnia
659 626 773 687 calculo
794 627 917 687 laborat.

335 715 380 776 Ic.
401 715 542 792 Agricola
560 715 738 773 contumelia
757 713 866 773 afflixit
887 711 1051 792 Georgium
1072 713 1276 788 Anhaltincm,
1297 713 1422 792 epistola
1438 712 1554 792 publice
1575 714 1662 773 edita

276 804 306 864 8.
328 802 397 861 Mel
416 809 501 878 rogat
519 798 671 873 Sabinum,
693 810 725 859 ut
742 799 828 859 liberi
849 802 956 859 Annae
977 818 1079 859 omnes
1101 799 1205 878 (tiliam
1227 800 1286 858 iam
1308 818 1408 858 aecum
1430 801 1569 877 habebat)
1591 800 1648 859 cibi
1669 800 1829 862 mittantur.

337 884 526 946 Conveniunt
546 884 644 964 Egraa
665 884 785 959 Gaeaar,
807 884 1011 946 Perdinandua
1028 886 1107 958 Rex,
1129 895 1160 944 et
1177 886 1331 947 Mauritius
1352 886 1435 949 Dux.

283 976 312 1036 8.
336 972 405 1032 Mel.
426 973 516 1031 mittit
532 974 631 1052 capita
652 972 896 1047 consolationum,
918 981 951 1032 ut
972 974 1103 1032 edantur.

265 1061 313 1120 10.
335 1059 427 1118 Mittit
446 1058 597 1117 Psalmum
620 1078 639 1117 a
660 1077 693 1118 ae
715 1059 833 1117 editum

265 1147 313 1207 17.
334 1144 480 1205 Indicitur
498 1144 602 1204 electio
623 1144 758 1205 Rectoris
775 1145 965 1206 Academiae.

264 1231 315 1295 22.
337 1229 474 1292 Caesaris
496 1230 642 1290 exercituo
660 1239 704 1290 est
726 1249 817 1308 prope
836 1231 988 1291 Miaenam.

260 1317 311 1379 24.
332 1315 468 1378 Caesada
486 1317 631 1375 exercitus
653 1316 754 1376 Albim
775 1324 902 1393 superat
945 1315 1067 1375 Ioannis
1088 1313 1234 1379 Prideiici
1254 1313 1348 1375 Elect
1370 1301 1508 1393 cirpiae
1499 1335 1530 1375 ιιι
1552 1315 1652 1394 sugam
1681 1315 1876 1375 coniiciuntur
1898 1324 1927 1376 et
1947 1316 2012 1395 ipse
2033 1316 2158 1395 capitur.

260 1403 312 1464 25.
333 1403 438 1463 Veraic
460 1401 553 1461 latina
573 1402 641 1462 libri
662 1402 803 1475 Meniaai,
824 1421 843 1460 a
865 1401 1004 1462 Marcello
1026 1401 1114 1474 facta,
1133 1401 1212 1461 edita
1232 1408 1285 1460 eat.

261 1489 313 1550 28.
331 1489 450 1567 Accipit
470 1487 642 1562 Serreatae,
664 1488 715 1546 nbi
737 1496 943 1561 commoratur,
966 1488 1115 1571 nuncium,
1135 1486 1186 1546 Pr.
1209 1487 1378 1546 Electorem
1399 1496 1517 1565 captum
1538 1507 1613 1561 csse,
1636 1496 1664 1547 et
1685 1487 1784 1566 fugam
1803 1496 1897 1566 parat.

109 1586 112 1590 ’
236 1573 319 1653 (28.)
338 1572 446 1635 Scribit
467 1575 608 1635 uxoribus
630 1573 878 1634 concionatorum
901 1531 1156 1650 Vitebergenaium
1175 1572 1416 1651 supplicationem
1437 1574 1622 1652 promeritis
1643 1575 1681 1634 ad
1703 1570 1869 1639 Caesarem.

144 1660 215 1722 Mai.
283 1664 310 1723 1.
333 1661 503 1721 Melanthcn
524 1680 591 1721 cum
611 1660 773 1719 familiam
789 1659 869 1737 fuga.

140 4927 198 4987 Iul.

280 1748 310 1808 8.
332 1746 422 1808 Venit
442 1748 649 1826 Brunarigana
692 1742 785 1806 Simul
808 1765 874 1804 cum
896 1765 931 1804 ec
953 1742 1076 1805 Lutheri
1097 1743 1187 1804 vidua
1205 1754 1236 1803 et
1252 1740 1401 1822 Georgius
1417 1744 1513 1803 Maior
1534 1744 1656 1824 eiusque
1676 1745 1797 1807 familia.

282 1834 312 1893 4.
332 1829 469 1893 Caesaris
490 1833 637 1893 exercitus
658 1832 848 1909 Vitebergam
869 1830 992 1890 obsidet.
1036 1828 1147 1889 Caesar
1167 1831 1272 1889 indicit
1291 1830 1411 1890 comitia
1427 1829 1534 1891 Ulmae
1552 1831 1698 1894 habenda.

281 1920 311 1978 7.
330 1918 514 1979 Melanthoni
534 1918 694 1996 hospitium
714 1918 837 1977 offertur
853 1936 873 1977 a
890 1915 1041 1976 Icachimo
1063 1916 1174 1975 March.
1196 1915 1290 1976 ιιιιιι.

335 2003 464 2065 Ioannes
486 2003 654 2064 Fridericua
675 2005 723 2063 nl.
747 2004 852 2081 cepitis
873 2004 1037 2062 damnatur.

263 2090 312 2152 10.
334 2091 405 2152 Mel.
425 2090 550 2150 liuthari
572 2091 690 2149 viduam
710 2091 741 2149 in
757 2087 886 2149 Daciam
908 2089 1067 2166 perducere
1089 2087 1249 2161 coustituit,
1270 2089 1322 2147 aad
1342 2095 1411 2167 post
1431 2108 1542 2166 paucos
1563 2089 1627 2148 dias
1648 2097 1768 2168 propter
1789 2087 1931 2166 pericula,
1954 2096 2066 2148 ιιιιιιιιο
2088 2107 2157 2148 con·

367 2176 445 2252 cilio,
466 2178 543 2237 redit
563 2176 775 2255 Brunsvigam,
797 2176 847 2234 ubi
867 2175 955 2234 vidua
975 2173 1098 2235 Luthcri
1119 2174 1236 2233 mansit
1281 2173 1348 2251 Ipse
1369 2176 1448 2253 apud
1465 2192 1500 2235 ae
1520 2176 1710 2235 ιοιιιιιιιιιιιιιι
1730 2175 1868 2246 habebat,
1888 2175 1920 2235 in
1942 2173 2078 2252 patriam,
2099 2174 2158 2241 Pa·

367 2261 540 2338 latinarum,
563 2263 647 2323 ιιιιιιι
663 2280 771 2340 magno
791 2280 908 2341 semper
930 2260 1084 2320 tenebatur
1102 2260 1266 2333 desiderio,
1286 2278 1364 2319 nunc
1386 2261 1491 2334 redire,
1512 2261 1637 2339 ideoque
1659 2260 1841 2321 Northnaam
1863 2261 1901 2320 ad
1922 2260 2158 2340 Maicnburgium

366 2342 518 2410 ιοιιιιιιιιιι
544 2366 577 2408 ιι
603 2367 733 2428 auosque
753 2347 905 2422 conterre,
932 2347 1070 2422 atinde,
1095 2346 1122 2407 ιι
1144 2346 1193 2406 via
1216 2354 1282 2406 tuta
1308 2346 1400 2421 forat,
1425 2347 1549 2427 ulterim
1571 2347 1720 2425 progredi.
1764 2347 1849 2423 (Vid.
1871 2348 1935 2407 ιιιιι
1953 2364 2000 2424 ep.
2022 2347 2052 2407 d
2068 2347 2104 2407 ιι.
2125 2347 2157 2407 5.

367 2434 432 2494 Iun
452 2435 483 2495 h.
503 2436 545 2510 a)

260 2524 309 2583 17.
331 2519 388 2583 ltu
408 2518 655 2597 Wernigerodae,
687 2526 717 2578 et
745 2520 907 2598 praemittit
927 2516 1090 2595 Georgium
1117 2516 1276 2592 Maiorem,
1310 2525 1441 2577 suamet
1460 2514 1562 2579 Sabini
1585 2518 1695 2591 tiliam,
1729 2526 1760 2578 et
1784 2517 1879 2577 tilium
1907 2516 2089 2578 Northuaam
2117 2518 2156 2579 ed

369 2606 622 2684 Mcienburgium,
651 2605 715 2682 ipae
736 2612 834 2663 autom
856 2605 943 2663 rediit
964 2603 1161 2680 Brunevigam
1183 2603 1220 2662 ad
1242 2622 1366 2662 uxorem
1388 2612 1418 2662 et
1438 2602 1648 2682 supellectilem
1675 2562 1717 2664 ibi
1745 2603 1880 2664 relictam
1901 2606 2156 2665 ιιιιιιιιιιιιιιιιιιι.

260 2696 308 2753 18.
330 2691 398 2752 Pax
415 2692 493 2750 iuter
513 2690 671 2752 Caesarem
694 2698 723 2748 et
744 2689 885 2749 Ioannem
907 2688 1086 2749 Fridericum
1107 2687 1284 2762 Electorem,
1303 2687 1381 2749 facta
1400 2689 1563 2749 interventu
1583 2690 1719 2751 Electcre
1741 2680 2011 2769 Brandeuburgicc.

263 2780 312 2842 19.
335 2776 470 2838 Uxorem
492 2786 523 2836 et
542 2774 755 2876 supellectilem
773 2776 937 2834 transvehit
957 2774 1149 2834 Northnaam.

262 2864 313 2926 21.
304 2861 640 3008 ‘Iffiffidmm
657 2861 751 2940 copiis
772 2861 835 2921 scia
854 2870 1070 2922 mamertum
1091 2859 1213 2920 militiae
1231 2860 1363 2936 remittit,
1384 2868 1414 2921 et
1434 2861 1525 2936 iubet,
1546 2870 1581 2921 ιιι
1599 2869 1668 2921 ante
1690 2862 1768 2923 diem
1783 2862 1901 2923 tertium
1923 2862 2025 2922 urbem
2036 2861 2158 2924 camari

472 2958 493 3011 t.

126 3104 131 3113 Ι
261 3034 312 3096 23.
333 3034 495 3111 Viteberga
516 3042 675 3135 occupatur
695 3033 733 3092 ab
755 3033 886 3092 exercitu
908 2994 1054 3093 Caesaris.

263 3122 313 3181 24.
333 3120 505 3180 Malantbon
528 3121 601 3180 est
592 3140 623 3179 m
643 3119 752 3199 oppido
773 3117 925 3193 Itimbeuk,
947 3129 978 3178 et
997 3117 1155 3178 intercedit
1174 3137 1230 3197 pro
1252 3053 1429 3179 Academiae
1439 3117 1538 3180 Viteb.
1559 3119 1774 3198 professoribus
1793 3121 1872 3199 apud
1888 3118 2146 3200 Obernbcrgerum

367 3208 556 3267 secretarium
573 3205 719 3268 caesaria

260 3293 312 3353 25.
333 3288 473 3352 Gaeaar
463 3311 529 3371 ipse
551 3302 596 3351 eat
616 3291 804 3369 Vitebergae.

257 3379 306 3440 28.
327 3378 420 3438 Mittit
439 3378 623 3437 tabellarium
646 3377 844 3455 Vitebergam,
866 3385 899 3435 ut
921 3375 1057 3455 exploret
1077 3383 1184 3435 statum
1206 3375 1296 3437 urbis.
1341 3372 1490 3455 Georgius
1510 3374 1606 3438 Maior
1625 3394 1659 3438 ae
1680 3378 1792 3440 confert
1810 3375 1988 3440 Gcalariana
2059 3392 2063 3398 '

260 3464 311 3525 28.
333 3464 507 3523 Melanthcn
525 3465 631 3523 iterum
653 3471 849 3523 commoratur
870 3460 1048 3521 Northuaae.

258 3551 310 3614 29.
332 3547 445 3609 Iterum
467 3562 588 3610 vocatur
606 3552 638 3609 in
660 3549 822 3608 Marchiam
842 3568 861 3607 a
881 3546 1032 3609 Ioachinic
1054 3547 1147 3608 nicet.

284 3638 314 3698 5.
332 3637 433 3715 R'ogat
454 3632 617 3715 Georgium
641 3636 845 3709 Anhaltinum,
868 3643 901 3693 ut
920 3634 1082 3694 intercedat
1102 3652 1157 3712 pro
1178 3630 1262 3692 Iusto
1281 3632 1357 3694 Icua
1378 3635 1456 3713 apud
1478 3636 1648 3695 Mauritium
1669 3634 1794 3699 Ducem.

332 3722 466 3783 Vocatur
485 3723 522 3781 ab
544 3722 705 3782 Academia
724 3721 917 3797 Tubingensi,
939 3721 992 3779 aed
1007 3721 1148 3779 retinetur
1168 3738 1270 3779 amore
1291 3720 1451 3780 amicorum
1473 3721 1736 3800 Vitebergeusium.

272 3809 311 3869 8.
333 3809 492 3887 Viteberga
512 3829 532 3868 a
550 3807 677 3869 Caesare
693 3808 819 3867 traditur
836 3804 974 3866 Mauritic
995 3804 1090 3880 Daci,
1117 3805 1221 3881 quiin
1188 3823 1323 3866 insuam
1343 3805 1431 3866 fldem
1452 3806 1533 3868 cives
1554 3809 1664 3887 adigit,
1690 3818 1719 3868 et
1736 3808 1952 3869 restitutionem
1974 3809 2154 3872 Academiae

367 3895 512 3974 promittit
530 3893 661 3956 Senatui.

280 3983 310 4042 8.
332 3981 443 4041 Rector
465 3981 653 4054 Academiae,
671 3977 786 4057 caspar
806 3973 958 4055 Oruciger,
980 3976 1159 4036 Academiae
1179 3977 1316 4038 doctores
1332 3977 1438 4038 litteris
1459 3979 1575 4054 invitat,
1598 3987 1630 4039 ιιι
1650 3980 1774 4040 redeant
1793 3981 1991 4060 Vitebergam.

279 4068 309 4129 9.
332 4066 401 4127 Filii
422 4068 544 4127 Ioannia
565 4066 709 4128 Priderici
730 4064 877 4124 Electcria
899 4064 1079 4140 scripserant
1103 4063 1141 4121 ad
1157 4062 1394 4139 Melanthcnem,
1422 4072 1452 4122 et
1472 4074 1656 4142 rogaverant,
1679 4085 1717 4126 ne
1738 4067 1812 4126 ab
1802 4068 1840 4127 ris
1861 4068 1993 4128 discedat
2013 4067 2052 4128 ad
2074 4068 2157 4130 alica.
2236 4132 2243 4141 ,

367 4153 554 4232 Respondet,
580 4172 613 4213 se
633 4151 723 4212 malle
748 4151 809 4210 illis
827 4168 916 4229 quam
938 4149 1005 4208 aliia
1026 4149 1150 4222 ιιιιιιι,
1178 4166 1274 4226 neque
1291 4149 1404 4209 velle
1394 4169 1425 4209 ιιι
1446 4150 1520 4211 uliae
1541 4153 1680 4229 regiones
1701 4153 1869 4228 ιιιιιιιιιιι,
1894 4155 1948 4214 scd
1969 4154 2158 4233 Vitebergam

402 4240 521 4299 oticisci.

259 4329 308 4389 11.
333 4258 430 4386 luspdis
447 4326 536 4385 lonas
557 4333 677 4385 vocatus
699 4331 744 4383 est
765 4323 804 4381 nd
825 4321 1068 4399 gubernationem
1089 4319 1242 4380 Ecclesiae
1263 4321 1296 4380 ιιι
1319 4319 1429 4402 oppido
1450 4320 1646 4384 Hildeahaim.

261 4413 311 4473 1³.
331 4412 462 4471 Vocatus
484 4419 529 4470 est
549 4411 587 4470 ab
609 4411 712 4469 amicis
729 4408 929 4487 Vitebergam.

259 4499 308 4559 18.
332 4498 488 4577 Philippus
505 4495 711 4574 landgravius
732 4494 858 4555 Haasiae
879 4492 990 4552 Helam
1012 4491 1095 4551 venit
1116 4493 1153 4550 ad
1171 4487 1340 4552 Caesarem.

260 4587 309 4646 19.
331 4583 535 4661 Landgravius
556 4602 589 4643 ιι
605 4583 724 4642 subiicit
746 4577 867 4640 Caesari
889 4586 919 4638 et
939 4579 1073 4658 captivus
1094 4577 1244 4637 retinetur.

331 4670 503 4730 Melanthcn
525 4677 679 4729 revocatus
700 4688 719 4726 a
740 4666 933 4745 Bugeuhagio
956 4673 984 4722 et
1006 4662 1165 4739 crucigero
1187 4662 1352 4735 constituit,
1374 4663 1563 4742 ilitebergam
1584 4668 1742 4744 proficisci.

258 4757 308 4820 24.
329 4756 400 4818 Filii
420 4757 542 4818 Ioannis
563 4755 706 4815 Friderici
728 4754 888 4821 Electoris,
909 4751 1020 4811 monitu
1039 4750 1148 4827 patria,
1170 4750 1208 4807 ad
1230 4748 1446 4808 Melanthouem
1463 4752 1659 4830 tempserunt,
1688 4761 1720 4813 ut
1739 4755 1882 4814 indicaret
1902 4756 2000 4816 locum
2021 4754 2072 4815 ubi
2093 4774 2154 4815 ma·

366 4862 438 4902 nere
459 4843 538 4903 velit.
582 4841 763 4920 Respondet,
784 4858 818 4898 ιι
840 4838 920 4898 brari
939 4837 1109 4897 Wimariam
1133 4843 1285 4893 venturum
1305 4843 1334 4893 et
1356 4853 1391 4892 ea
1413 4837 1449 4895 de
1471 4857 1504 4896 ιι
1526 4857 1592 4898 cum
1612 4841 1651 4901 iis
1673 4841 1907 4919 colloquaturum
1930 4859 2004 4902 ease.

282 4929 311 4991 2.
333 4929 369 4989 Iu
396 4931 466 4989 aula
487 4928 690 5000 Wimariensi,
719 4946 776 5003 quc
800 4926 951 4984 Pontauua
980 4933 1009 4982 ιι
1030 4920 1216 4979 Franciacus·
1229 4922 1418 4982 Burchardua
1446 4935 1659 5000 convenerant,
1685 4927 1862 4987 deliberatur
1884 4929 1922 4988 de
1949 4929 2153 4989 transferenda

365 5017 528 5075 Academia
549 5013 754 5091 Vitebergensi
775 5012 806 5068 ιιι
827 5009 966 5087 oppidum
988 5006 1179 5083 Thuringiae,
1203 5015 1231 5064 et
1253 5007 1371 5084 quidem
1393 5007 1502 5069 lenam.

278 5102 308 5164 3.
329 5100 439 5165 Caesar
459 5103 564 5162 indicit
581 5101 701 5162 comitia
717 5102 872 5174 Augustae
893 5093 1111 5154 vindelicorum
1132 5092 1275 5161 habenda,
