4590 5588
722 121 771 232 ¹u
814 160 1007 243 mamus.
1049 165 1089 231 a.
1122 161 1265 233 monn
1286 161 1552 235 ornamus.

349 426 390 486 II.
433 426 557 484 Ethicae
578 425 727 484 domnnac
753 426 961 484 elementorum
984 426 1052 484 libri
1073 425 1132 487 duo

334 513 389 573 III.
415 512 643 590 ›Euamatioues
665 513 778 589 aliquot
798 512 937 571 librorum
961 511 1122 571 ethicorum
1145 511 1312 570 Aristotelis
1363 558 2023 581 .............
2089 519 2151 579 777

336 600 389 658 IV.
434 595 646 656 commentarii
667 599 698 656 in
720 598 831 676 aliquot
852 597 988 675 politicos
1009 597 1100 657 libros
1122 597 1292 657 Aristotelis
1362 644 2022 667 .............
2089 605 2151 664 417

354 685 390 744 V.
435 683 631 758 Quaestiones
652 684 766 762 aliquot
787 684 911 758 ethicae,
932 685 969 743 de
989 685 1172 757 iuramentIs,
1195 683 1497 744 excommunicatione
1518 691 1549 742 et
1569 683 1636 744 aliis
1656 685 1771 746 cambus
1792 686 1925 748 obscuris
1959 735 1967 750 .
2014 737 2021 751 .
2089 689 2151 751 453

334 769 389 832 VI.
433 770 611 830 Dissertatio
634 770 671 829 de
694 770 892 829 contractibus
928 816 2024 838 .....................
2089 776 2152 836 495

322 857 391 915 VII.
436 856 483 916 De
506 857 610 915 arbore
633 856 894 934 consanguinitatis
915 864 943 914 et
965 854 1114 915 affinitatis
1132 856 1194 915 sive
1216 856 1253 915 de
1274 855 1413 932 gradibus
1434 857 1602 917 nomam
1635 904 2021 923 ........
2089 862 2150 921 509

197 1147 347 1235 LIBRI
378 1150 622 1236 PHHIPPI
652 1147 1068 1235 MELANTHONIS
1099 1150 1160 1232 IN
1191 1146 1396 1252 QUIBUS
1427 1149 1762 1237 ENARRAVIT
1794 1149 2092 1242 AUCTORES

992 1291 1305 1381 CLASSICOS.

361 1500 385 1559 1.
430 1499 646 1577 Prolegomeua
665 1499 697 1557 iu
719 1498 817 1556 officia
838 1495 1000 1571 Ciceronis,
1023 1497 1179 1559 collatione
1201 1499 1348 1559 actionum
1372 1501 1537 1559 Atticarum
1561 1508 1591 1559 et
1611 1500 1813 1561 Romanunm
1834 1520 1952 1563 annexa
2013 1552 2020 1564 .
2089 1503 2150 1567 579

347 1585 386 1646 ll.
432 1587 645 1662 Argumentum
668 1593 697 1642 et
718 1584 831 1643 scholia
848 1586 880 1642 in
901 1583 1001 1642 officia
1023 1584 1176 1645 Ciceronis
1197 1632 2021 1650 ................
2089 1591 2150 1650 615

328 1672 384 1731 ΠΙ.
429 1673 647 1731 Aunotationes
668 1673 699 1729 iu
717 1669 849 1728 Laelium
872 1666 1024 1729 Ciceronis
1088 1719 1094 1732 .
1142 1718 1149 1732 .
1187 1722 1191 1729 .
1197 1718 2021 1736 ................
2087 1677 2146 1735 681

331 1759 385 1817 Ν.
430 1755 550 1817 Scholia
570 1760 602 1815 in
624 1753 777 1815 Ciceronis
797 1757 833 1813 de
856 1763 970 1814 oratore
996 1751 1137 1833 Dialogos
1158 1766 1218 1816 tres
1252 1804 2019 1828 ................
2088 1761 2150 1824 685

349 1844 386 1902 V.
430 1841 551 1904 Scholia
568 1845 603 1902 ¹in
625 1840 778 1901 Ciceronis
800 1850 945 1900 oratorem
975 1854 990 1904 .'
1030 1889 2020 1908 ...................
2089 1848 2149 1908 767

334 1927 388 1990 VI.
432 1925 553 1990 Scholia
568 1930 600 1987 iu
622 1928 775 1989 Ciceronis
793 1929 892 2005 topica
917 1967 2019 1996 .....................
2087 1933 2150 1994 805

317 2014 387 2077 VII.
430 2015 467 2074 In
489 2017 629 2093 primam,
657 2015 845 2093 praecipuam
868 2021 896 2072 ct
917 2012 1122 2072 difficillimam
1143 2021 1256 2092 partem
1277 2015 1471 2074 oratoriarum
1491 2015 1680 2091 partitionum
1702 2013 1856 2081 Ciceronis
1876 2036 2022 2079 commen·

470 2104 563 2161 tarius
597 2144 2019 2167 ...........................
2088 2107 2150 2169 833

303 2188 388 2247 VIII
434 2188 612 2259 Artitieium,
635 2185 789 2262 dispositio
811 2193 840 2242 et
860 2184 976 2261 integra
997 2185 1184 2261 paraphrasis
1204 2186 1345 2244 orationis
1367 2185 1518 2247 Ciceronis
1538 2205 1592 2263 pro
1613 2194 1651 2250 A.
1669 2186 1785 2249 Licinio
1805 2190 1919 2249 Archia
1933 2197 2021 2267 poeta
2088 2193 2150 2255 889

333 2273 389 2333 lx.
434 2272 601 2351 Dispositio
624 2283 653 2330 et
674 2270 861 2348 paraphrasis
884 2271 1025 2329 orationis
1045 2267 1197 2331 Ciceronis
1213 2291 1268 2348 pro
1288 2273 1331 2332 M.
1354 2271 1495 2331 Marcello
1523 2319 2020 2339 ..........
2088 2278 2148 2339 971

346 2359 386 2420 X.
430 2354 596 2436 Dispositio
618 2358 761 2418 orationis
784 2355 936 2416 Ciceronis
954 2374 1009 2435 pro
1026 2355 1062 2415 T.
1081 2357 1182 2414 Annio
1202 2356 1313 2415 Milone
1362 2404 1913 2423 ...........
1944 2357 1967 2423 ’.
2013 2409 2020 2423 .
2087 2361 2146 2426 971

331 2445 388 2505 XI.
432 2448 657 2522 Argumentum,
680 2441 866 2522 paraphrasis
889 2451 918 2499 et
939 2443 1145 2503 annotationes
1165 2442 1196 2501 in
1218 2438 1371 2502 Ciceronis
1390 2444 1552 2502 orationem
1572 2463 1627 2521 pro
1649 2442 1685 2504 L.
1708 2445 1832 2506 Murena
1902 2495 1909 2509 .
1957 2494 1964 2509 .
2011 2495 2019 2509 .
2068 2451 2150 2513 1033

315 2531 387 2591 XII.
433 2529 668 2590 Commentarius
685 2531 715 2587 in
736 2528 889 2588 Ciceronis
910 2529 1072 2586 orationem
1095 2548 1149 2606 pro
1171 2527 1211 2586 M.
1235 2527 1336 2588 Caelio
1354 2527 1434 2589 Rufo
1469 2577 2019 2594 ...........
2067 2537 2149 2599 1093

299 2617 389 2679 XIII.
434 2614 554 2677 Scholia
574 2619 605 2677 iu
627 2614 779 2675 Ciceronis
800 2615 962 2674 orationem
983 2633 1039 2692 pro
1061 2610 1130 2673 Sex.
1154 2612 1263 2674 Roscio
1284 2617 1426 2675 Amerino
1471 2662 2019 2681 ...........
2068 2623 2150 2686 1193

302 2704 389 2764 XIV.
434 2700 554 2763 Scholia
575 2704 606 2761 in
625 2701 777 2761 ciceronis
800 2701 962 2758 orationem
984 2719 1038 2777 pro
1061 2700 1094 2759 P.
1113 2697 1197 2776 syna
1252 2747 2019 2768 ...............
2068 2711 2148 2771 1147

315 2786 385 2852 XV'.
431 2786 552 2850 Scholia
574 2790 605 2847 iu
628 2785 779 2847 Ciceronis
802 2787 963 2846 orationem
989 2787 1101 2863 pros.
1125 2784 1255 2845 Caecina
1306 2833 1637 2851 .......
1658 2850 1661 2855 ,
1684 2834 1910 2855 ,,,,,
1921 2808 1925 2817 ·
1956 2836 1964 2854 .
2011 2837 2019 2854 ,
2067 2795 2148 2855 1187

300 2874 387 2937 XVI.
431 2873 552 2936 Scholia
573 2877 603 2933 in
626 2873 777 2936 Ciceronis
800 2874 960 2930 orationem
980 2890 1035 2948 pro
1057 2870 1092 2944 Q.
1111 2870 1232 2950 Ligario
1250 2919 1692 2938 .........
1715 2924 1746 2938 ..
1794 2925 1801 2939 .
1847 2924 1854 2940 .
1901 2889 1922 2940 .’
1955 2925 1963 2939 .
2010 2881 2148 2941 ..1195

282 2962 383 3022 XVII.
427 2959 548 3023 Scholia
569 2963 601 3020 iu
622 2959 774 3019 Ciceronis
796 2958 957 3018 orationem
980 2977 1035 3037 pro
1057 2976 1127 3036 rege
1148 2956 1291 3017 Deiotaro
1304 3005 1582 3023 ......
1624 3015 1627 3020 .
1630 3008 2016 3027 ........
2066 2964 2148 3027 1719

267 3045 387 3108 XVIII.
430 3044 551 3108 Scholia
574 3050 605 3106 in
627 3047 782 3107 Ciceronis
804 3045 965 3103 orationem
983 3063 1037 3120 pro
1060 3039 1095 3103 C.
1113 3043 1236 3104 Rabirio
1249 3090 2017 3111 ...............
2064 3048 2145 3111 1741

196 3131 204 3140 “
295 3133 399 3195 XIX.
432 3132 553 3194 Scholia
572 3136 604 3192 in
626 3128 776 3191 Ciceronis
798 3132 961 3191 orationem
983 3148 1038 3207 pro
1058 3129 1092 3186 Ρ.
1113 3127 1210 3190 Sestio
1251 3176 2016 3197 ...............
2066 3135 2147 3197 1745

312 3219 384 3278 XX.
428 3215 548 3279 Scholia
570 3221 601 3277 in
623 3218 775 3279 Ciceronis
797 3218 959 3275 orationem
981 3217 1012 3274 in
1034 3213 1070 3276 L.
1094 3215 1233 3276 Pisonem
2065 3222 2144 3282 196]

293 3305 382 3365 XXI
427 3306 548 3366 Scholia
569 3306 600 3364 in
622 3304 775 3365 Ciceronis
795 3304 960 3363 orationum
981 3300 1211 3380 Philippicarum
1234 3301 1368 3379 primam,
1389 3301 1559 3376 secundam,
1581 3303 1697 3364 tertiam
1718 3315 1748 3363 et
1768 3322 1907 3368 nonam.
1955 3354 1962 3367 .
2008 3355 2017 3369 .
2065 3305 2146 3369 1767

282 3389 386 3453 XXII.
430 3389 550 3451 Scholia
570 3392 603 3449 iu
624 3389 776 3451 Ciceronis
798 3390 959 3449 orationem
979 3407 1033 3466 pro
1055 3386 1120 3464 lege
1142 3387 1266 3446 Manilia
1304 3434 2017 3454 ..............
2065 3393 2148 3455 1795

427 3478 573 3537 Addeuds
597 3519 1473 3540 .................
1490 3535 1493 3539 ,
1521 3521 2017 3539 ..........
2066 3478 2147 3540 1799

968 3656 1190 3723 VOLUMEN
1213 3656 1317 3723 XVII.

184 3890 186 3895 ,
263 3819 383 3879 XXIII.
428 3822 612 3896 Argumenta
631 3827 660 3876 et
683 3819 796 3878 scholia
812 3820 843 3877 iu
864 3816 1015 3877 Ciceronis
1035 3815 1174 3892 epistolas
1197 3816 1233 3873 ad
1255 3815 1414 3875 familiares
1465 3865 1854 3882 ‚‚‚‚‚‚
1886 3805 1907 3883 ’,
1955 3867 1962 3883 ,
2010 3869 2017 3882 ,
2131 3830 2144 3883 1

263 3904 382 3966 XXIV.
426 3903 548 3966 Scholia
567 3907 599 3964 iu
620 3904 772 3964 Ciceronis
794 3913 919 3982 quatuor
936 3904 1082 3963 orationes
1103 3902 1135 3960 in
1151 3901 1186 3962 L.
1208 3900 1367 3961 Catilinam
1411 3950 1419 3965 .
1520 3950 2016 3970 ,,,,,,,,,,
2085 3910 2145 3970 561

282 3993 384 4052 XXV.
429 3988 548 4051 Scholia
569 3992 602 4050 in
622 3991 721 4051 Porcii
741 3991 879 4049 Latronis
896 3989 1137 4047 declamationem
1160 3998 1263 4047 contra
1280 3987 1404 4046 Lucium
1426 3985 1560 4070 Sergium
1582 3987 1740 4051 Catilinam
1792 4039 2017 4056 .....
2086 3997 2145 4056 577

266 4076 385 4138 XXVI.
429 4080 644 4138 Annotationes
666 4079 697 4136 in
719 4074 850 4136 Sallustii
872 4075 969 4152 Crispi
992 4077 1029 4133 de
1051 4074 1251 4151 coniuratione
1269 4073 1414 4134 Catilinae
1434 4075 1541 4134 librom
1566 4094 1574 4101 ··
1574 4124 1907 4141 ,,,,,,,
1910 4112 1913 4123 .
1954 4127 1961 4141 ‚
2008 4125 2017 4141 ⁸
2084 4082 2147 4142 533

248 4163 382 4223 XXVII.
428 4166 644 4225 Auuotatioues
663 4165 694 4223 iu
716 4161 849 4222 SallustIi
870 4161 968 4238 Crispi
991 4163 1027 4219 de
1049 4159 1126 4218 bello
1146 4159 1320 4241 Iugurthino
1341 4159 1448 4221 librum
1466 4208 1799 4225 .......
1843 4210 1853 4249 ξ
1901 4213 1908 4227 .
1956 4212 1963 4227 .
2008 4188 2038 4226 .·.
2085 4167 2147 4228 593
2220 4224 2224 4229 ,

189 4296 192 4305 .
233 4249 382 4310 XXVIII.
426 4252 644 4310 Annotationes
665 4250 696 4308 in
719 4249 856 4326 epistolas
878 4250 916 4306 ad
938 4246 972 4308 C.
995 4245 1151 4306 Caesarem
1175 4247 1211 4305 de
1228 4246 1381 4323 republica
1401 4246 1565 4306 ordinanda
1626 4295 1633 4311 .
1680 4296 1687 4309 .
1736 4296 1743 4310 .
1791 4297 1797 4312 ,
1846 4270 1853 4315 ;
1899 4298 1907 4313 ,
1946 4298 1962 4313 Α,
2007 4297 2016 4313 ,
2085 4254 2146 4312 609

263 4336 383 4415 XXIX.
429 4334 465 4393 Iu
489 4333 619 4395 Cornelii
640 4336 737 4394 Taciti
759 4337 796 4392 de
817 4336 885 4407 situ,
908 4334 1037 4392 moribus
1060 4342 1089 4389 et
1110 4331 1227 4410 populis
1249 4329 1427 4390 Germaniae
1448 4331 1577 4391 libellum
1600 4336 1852 4400 commentarius..
1900 4384 1906 4397 .
1954 4384 1961 4398 .
2008 4382 2015 4397 .
2085 4339 2145 4398 611

281 4423 384 4482 XXX.
429 4421 623 4502 Paraphrasis
647 4421 798 4480 Plinianae
818 4420 1008 4499 praefationis
1039 4464 2020 4484 ,,,,,,,,,,,,,,,,,,,
2085 4425 2146 4484 639

261 4509 380 4569 XXXI.
425 4508 580 4567 Enarratio
599 4508 666 4567 libri
685 4508 789 4565 decimi
811 4508 1025 4566 institutionum
1045 4503 1238 4563 oratoriarum
1261 4501 1435 4576 Quintiliani
1466 4550 2016 4570 ,,,,,,,,,,,
2084 4510 2143 4571 65]
2174 4552 2176 4557 ⁴

244 4595 379 4656 XXXII.
424 4593 632 4672 Interpretatio
652 4595 738 4652 trium
764 4590 1006 4671 Olynthiaoarum
1025 4590 1188 4649 orationum
1211 4587 1421 4649 Demosthenis
1466 4638 2015 4656 ,,,,,,,,,,,
2084 4595 2147 4655 685
2181 4610 2183 4614 >

226 4681 379 4742 XXXIII.
428 4678 636 4757 Interpretatio
658 4681 800 4739 orationis
822 4679 1005 4756 Philippicae
1023 4677 1134 4755 primae
1156 4672 1366 4733 Demosthenis
1411 4722 2015 4742 ,,,,,,,,,,,,
2085 4683 2143 4741 76]

236 4769 384 4829 XXXIV.
428 4764 634 4843 interpretatio
656 4766 797 4824 orationis
820 4765 931 4842 primae
949 4762 1158 4846 Demosthenis
1181 4768 1284 4820 contra
1303 4761 1534 4840 Aristogitonem
1575 4811 1595 4834 .,
1629 4813 2015 4828 ,,,,,,,,
2084 4767 2145 4827 775
2178 4838 2181 4845 Ι

218 4854 386 4918 ,XXXV
429 4852 638 4930 Interpretatio
660 4852 801 4911 oraticula
819 4851 1029 4910 Demosthenis
1053 4850 1089 4907 de
1112 4866 1220 4906 corona
1245 4895 2014 4914 ,,,,,,,,,,,,,,,
2030 4926 2034 4931 Ι
2083 4854 2141 4912 801
2173 4842 2177 4849 '

194 4980 202 4987 -
238 4938 386 5000 XXXVI.
431 4939 635 5015 Interpretstio
659 4940 781 4996 duorum
803 4937 935 4995 locorum
959 4935 1100 4994 orationis
1122 4933 1332 4992 Demosthenis
1354 4934 1390 4991 de
1412 4933 1489 4993 falsa
1509 4933 1658 5014 legahone
1683 4985 1906 5000 ,,,,,
1919 4984 1924 4989 .
1953 4985 1978 5000 ,,
2004 4983 2043 5007 ,,
2083 4939 2147 4997 565

220 5025 384 5086 XXXVII.
429 5024 636 5105 Interpretatio
664 5024 722 5083 loci
744 5043 782 5080 ex
803 5018 1010 5081 Demosthenis
1028 5021 1161 5082 oratione
1184 5029 1286 5076 cenna
1306 5019 1505 5080 Timocratem
1518 5069 1795 5085 ......
1812 5036 1814 5040 “
1844 5072 1851 5084 ,
1897 5028 1906 5084 ,“
1952 5069 1959 5085 ,
2083 5024 2144 5084 877

204 5112 383 5174 XXXVIII.
426 5111 636 5189 Interpretatio
659 5110 802 5170 orationis
824 5106 980 5168 Aeschinis
1003 5117 1104 5166 contra
1125 5104 1344 5182 Ctesiphontem
1412 5156 1418 5167 .
1467 5157 1473 5168 ,
1520 5156 1527 5169 ,
1575 5157 1581 5169 ,
1629 5156 1635 5171 ,
1683 5156 1690 5169 ,
1737 5157 1743 5170 ,
1791 5158 1798 5170 ,
1845 5157 1851 5170 ,
1900 5157 1907 5170 ,
1955 5157 1962 5170 ,
2012 5114 2017 5169 3
2084 5108 2144 5169 881
2258 5186 2262 5191 ³
