4590 5588
73 257 76 265 .
146 164 194 237 ιι
801 161 990 232 emmer
1016 160 1334 231 ιιιιιιιιιιιι
1359 159 1520 229 oanni.

150 353 220 419 Cot.
271 358 323 417 91.
344 354 539 417 wormatiam
559 354 729 432 ingreditur.

151 438 233 504 Nou.
291 445 320 503 5.
342 441 470 502 Facbsio
492 442 668 500 sententiam
689 439 791 499 scribit
811 441 848 500 de
868 447 949 500 recte
968 441 1148 499 instituenda
1169 440 1320 499 academia
1341 435 1469 515 Lipsiae.

292 532 321 605 9
343 527 489 605 Theologi
510 526 739 585 Protestantium
762 525 968 604 colloquuntur
988 527 1065 585 inter
1084 545 1117 586 se
1137 527 1175 585 de
1191 524 1337 585 doctriua.

271 595 322 674 10.
344 613 482 673 Formam
504 612 722 690 protestationis
744 614 902 690 componit.

216 682 320 758 >.19
343 695 523 758 Sententiam
544 715 627 756 snam
649 697 756 756 litteris
776 700 906 772 mandat,
928 717 987 776 quo
1004 682 1094 757 modo
1115 696 1260 774 ιςιιιιιι
1280 696 1370 755 sitin
1384 695 1542 772 colloquio.

271 785 322 844 90.
345 782 516 855 Granrella,
537 784 652 860 legatus
675 793 704 841 et
721 794 821 844 orator
843 783 989 856 Caesaris,
1012 780 1206 842 Wormatiam
1229 783 1314 841 venit.

270 872 321 932 95.
343 870 501 930 lnohoatnr
521 877 681 927 conventus
704 867 937 933 wormatiensis.
981 869 1153 928 Melanthou
1175 868 1304 944 concipit
1323 884 1497 944 responsum
1519 868 1557 928 ad
1578 862 1756 925 Granvellae
1779 866 1951 926 orationem.

268 956 321 1017 99.
342 953 518 1033 Disputatur
539 955 577 1013 de
599 955 702 1013 ordine
724 956 939 1031 colloquendi'
930 976 963 1015 ιι
985 966 1140 1016 conventa

271 1042 545 1102 uaframento
567 1041 688 1099 tradunt
709 1040 861 1102 catholicis
883 1042 1049 1119 exemplum
1071 1044 1263 1119 Augustanus
1285 1034 1490 1099 confessionis
1510 1049 1540 1098 et
1543 1022 1716 1116 apologiae
1739 1037 1881 1097 eiusdem.

150 1125 228 1189 Dec
291 1130 320 1188 8.
343 1125 447 1186 Oratio
467 1122 629 1203 compegit,
649 1127 741 1204 legati
762 1127 921 1199 Ριιιιιιιιι,
943 1129 981 1187 ad
1002 1146 1089 1204 quam
1112 1124 1282 1185 Melahthon
1303 1126 1470 1202 respondet.

291 1215 320 1273 9.
344 1212 390 1271 vel
416 1215 464 1271 10.
487 1212 559 1270 Deo.
584 1210 769 1272 Camerarius
790 1215 870 1272 venit
896 1212 1090 1273 wormatiam
1109 1213 1327 1272 adridendum
1347 1211 1577 1270 llelanthonem.

344 1296 551 1359 commortuus
574 1305 618 1356 ιιι
639 1299 701 1357 lere
722 1316 815 1376 usque
836 1301 874 1358 ad
897 1300 926 1359 d.
952 1303 1000 1359 15.
1023 1299 1098 1359 Dec.

344 1384 515 1442 Melanthon
539 1385 667 1442 consulit
688 1385 725 1443 de
746 1385 914 1443 valetudine
937 1403 992 1444 sna
1008 1384 1180 1457 Fuchsium,
1192 1385 1347 1484 tmedicum
1369 1360 1598 1460 Tubingensem.

271 1470 318 1529 1.4
343 1468 386 1528 Io.
410 1469 522 1528 Echino
539 1471 680 1547 proponit
701 1471 839 1533 articulos
861 1471 938 1531 fidei.

271 1557 319 1617 16.
342 1556 536 1615 Ιιιιιιιιιιι
564 1555 656 1615 libelli
676 1556 746 1615 Mel.
770 1559 806 1617 de
834 1557 973 1634 coniugio
1002 1557 1203 1630 sacerdotum,
1233 1556 1271 1615 de
1291 1555 1430 1615 abusibus
1452 1572 1553 1613 morae
1580 1569 1690 1613 coenae
1711 1560 1742 1610 et
1769 1556 1807 1614 de
1835 1553 1962 1631 primatu
1979 1550 2080 1631 Papae
2108 1571 2164 1631 per

342 1637 509 1700 Crotonem.
549 1640 637 1700 Uxor
657 1641 725 1701 Μιι.
748 1643 876 1720 graviter
897 1652 1038 1721 aegrotat

270 1724 320 1788 99.
344 1724 527 1787 Granvellae
548 1728 639 1785 mittit
659 1727 832 1788 Melanthon
854 1729 1008 1807 epistolam
1031 1729 1175 1806 privatam
1197 1712 1368 1788 derebus
1359 1706 1391 1784 ni
1414 1732 1559 1784 conventu
1581 1720 1712 1804 agendis.

267 1811 319 1874 96.
342 1812 516 1892 Respondet
535 1814 655 1872 nomine
676 1813 910 1893 theologorum'
901 1834 933 1874 ιι
951 1825 1097 1876 ιοιιιιιι
1118 1822 1363 1892 congregatorum
1383 1810 1586 1872 Pectoribus
1576 1829 1609 1871 ιι
1631 1818 1778 1871 ιοιιιιιι
1795 1808 2003 1871 Neooomensi.

998 2064 1155 2132 ΑΝΝΟ
1192 2065 1319 2131 1541.

152 2237 217 2301 Ian
291 2241 321 2301 9.
342 2237 432 2298 Νοιι
450 2239 614 2318 propositio
635 2259 655 2298 ι
677 2238 838 2300 Granrella
860 2240 948 2305 faeta.

291 2326 321 2387 5.
343 2325 530 2426 Responsum
553 2325 793 2388 Protestantium.

344 2408 519 2470 Οιιιιιιιι·
510 2431 542 2470 ιι
566 2411 650 2488 epist
669 2412 707 2470 ad
728 2411 985 2490 Norinbergenses
1004 2413 1147 2472 invehit
1137 2433 1169 2472 ιι
1190 2412 1408 2472 hlelantbonem
1431 2411 1552 2489 eiusque
1573 2410 1671 2470 fldem

291 2497 321 2557 6.
344 2496 470 2556 Moritur
491 2497 657 2574 Episcopus
679 2497 821 2559 Zizeusis.

271 2585 319 2642 ll.
342 2582 505 2656 Mauritius,
528 2582 599 2640 Dux
622 2579 705 2654 Sex..
728 2601 848 2643 uxorem
870 2585 952 2644 ducit
972 2584 1066 2644 liliam
1088 2552 1219 2663 Philippi
1241 2582 1429 2662 Landgravii.

272 2669 322 2728 14.
344 2666 452 2743 Incipit
472 2667 652 2746 colloquium
672 2667 856 2729 Woruiatiae
876 2671 953 2729 inter
975 2670 1019 2730 lo.
1040 2668 1167 2729 Euhium
1190 2679 1220 2728 et
1240 2669 1317 2729 Phil
1338 2669 1564 2729 Melanthonem.

270 2754 318 2814 15.
340 2751 628 2814 Ιιιιιιιι.οιιιιιιι
650 2755 688 2812 ad
711 2753 913 2828 Grauvellam‚
932 2757 1151 2834 prorogandum
1173 2774 1238 2816 esse
1260 2754 1467 2833 colloquium'
1458 2773 1491 2815 ιι
1512 2752 1641 2828 comitia,
1663 2751 1844 2813 Ratisbonae
1866 2753 2009 2815 habenda

269 2838 319 2898 18.
342 2836 458 2896 Finitur
480 2848 651 2913 conventus,
673 2841 803 2900 recitatis
823 2842 928 2901 litteris
949 2837 1087 2902 Caesaris
1107 2843 1145 2902 sd
1167 2839 1366 2902 Granvellam.

269 2923 320 2985 90.
342 2923 516 2983 Mandatum
539 2921 677 2986 Caesaris
698 2926 736 2986 de
755 2927 881 2988 comitiis
902 2927 1084 2989 Ratisbonae
1105 2928 1257 2989 habendis.

342 3008 514 3069 Melanthon
535 3009 731 3087 proficiscitur
748 3013 875 3074 domum.

266 3094 318 3156 98.
340 3093 425 3173 Papa
446 3097 566 3156 mandat
590 3097 688 3174 legato
708 3117 763 3159 eno
786 3097 969 3178 contareno,
995 3109 1029 3159 ιι
1048 3099 1230 3160 Ratisbonae
1257 3101 1361 3176 quovis
1392 3099 1481 3160 modo
1507 3097 1693 3159 concordiam
1715 3096 1793 3156 inter
1814 3091 1986 3156 Catholicos
2007 3104 2038 3154 et
2057 3093 2160 3154 Prote·

376 3189 486 3242 stantes
507 3182 650 3261 impedire
670 3185 793 3244 studeat.

339 3265 451 3329 Caesar
471 3267 589 3341 librum,
611 3271 662 3346 qui
684 3280 762 3330 esaet
781 3270 909 3331 formula
929 3272 1104 3332 concordiae
1123 3272 1201 3332 inter
1222 3268 1394 3334 Catholicae
1416 3278 1447 3329 et
1463 3271 1665 3331 Protestantes
1686 3268 1763 3328 mitti
1783 3266 2046 3346 curaritPhilippo
2059 3262 2163 3326 Lund-

373 3354 475 3430 grario
497 3363 527 3412 ιι
548 3353 699 3414 Ioachimo
719 3356 811 3417 Illect
833 3357 1000 3417 Brundenb.
1095 3396 1098 3401 -

148 3435 240 3499 Febr.
291 3439 320 3498 4.
342 3437 521 3507 lonchimns
531 3440 663 3500 Marchio
685 3441 779 3503 Eleot.
801 3443 907 3502 librum
930 3440 1065 3503 Caesada
1086 3444 1174 3504 mittit
1195 3443 1334 3502 Luthero.

269 3525 317 3585 16.
341 3524 410 3584 Mel.
432 3525 630 3585 narrationem
650 3527 687 3585 de
710 3527 857 3606 colloquio
874 3529 963 3588 mittit
983 3530 1022 3587 ad
1044 3531 1208 3604 Albertnm,
1226 3518 1341 3589 Ducem
1363 3528 1462 3604 Prusa.

148 3609 237 3671 Mart.
290 3610 319 3669 6.
341 3610 411 3669 Vito
433 3610 592 3670 Theodoro
614 3613 703 3672 mittit
721 3615 794 3674 duas
815 3615 1022 3675 oratiunculas.

285 3695 314 3756 8.
337 3695 433 3755 Valde
454 3697 584 3772 queritur
605 3698 641 3756 de
662 3699 748 3759 malis
771 3701 900 3760 consiliis
921 3701 1008 3760 aulae
1028 3702 1173 3775 Eleutetis
1195 3711 1225 3760 et
1240 3700 1429 3803 Landgrarii.

268 3782 317 3841 19.
338 3779 482 3859 Princeps
501 3783 593 3843 Elect.
615 3783 705 3858 iubet,
727 3795 762 3844 nt
778 3786 949 3845 Melanthon
973 3796 1003 3846 et
1023 3768 1165 3867 Cruoiger
1185 3789 1242 3847 iter
1268 3789 1300 3846 in
1322 3793 1499 3846 conventum
1521 3783 1636 3844 Ratisb.
1657 3785 1861 3862 ingredientem
1882 3783 1961 3843 otd.
1985 3784 2035 3844 16.
2058 3764 2160 3845 Martii

374 3868 496 3927 veniant
516 3868 740 3948 Altenburgnm.
1060 3928 1063 3933 ,
2276 3883 2281 3893 “

267 3951 315 4011 14.
338 3950 397 4011 Iter
414 3954 576 4031 ingreditur
598 3955 777 4016 Melanthon.

266 4037 315 4098 16.
336 4036 456 4116 Lipsiae
479 4048 524 4098 est
545 4048 574 4097 et
593 4043 709 4120 vesperi
731 4043 811 4101 venit
832 4041 1057 4121 Altenburgnm.

340 4122 375 4181 In
395 4125 477 4183 aditu
499 4124 644 4185 Bavariae
666 4146 778 4203 currus,
800 4147 858 4206 quo
880 4128 1054 4189 Melanthon
1076 4129 1244 4203 vehebatur,
1266 4145 1401 4201 eversus,
1423 4135 1453 4184 et
1473 4127 1580 4185 dextra
1602 4124 1798 4185 Melanthonis
1821 4125 1917 4205 tigillo
1937 4126 2048 4185 duriter
2070 4125 2157 4188 allisa

374 4218 433 4280 eet,
466 4211 507 4268 ita
536 4220 568 4268 ot
596 4231 630 4271 ea
651 4213 702 4272 din
721 4215 764 4273 uti
784 4234 845 4274 uon
866 4225 975 4293 posset.
1020 4215 1170 4295 Epistulae
1192 4216 1297 4293 igitur,
1319 4233 1394 4292 quas
1416 4222 1484 4293 post
1504 4214 1662 4272 adventum
1685 4213 1818 4289 scripsit,
1851 4213 1974 4272 dictavit
1995 4208 2158 4290 Crucigoro

369 4295 552 4356 comitiano.

261 4377 311 4439 99.
335 4378 462 4440 Carmen
484 4382 568 4441 ιιιιιι
593 4383 768 4459 „detestatio
789 4386 1018 4464 negligentiae“,
1041 4403 1077 4444 ex
1099 4405 1162 4464 cap.
1187 4389 1236 4446 17.
1259 4384 1367 4446 Exodi.

258 4464 310 4526 99.
332 4465 447 4545 Regem
471 4466 591 4528 Galliae
613 4471 770 4548 supplicat,
791 4491 829 4531 ue
851 4473 1082 4533 Protestantes'
1073 4492 1105 4532 ιι
1128 4470 1228 4532 Gallia
1249 4480 1448 4550 persequatur.

259 4549 309 4611 9.
333 4548 455 4612 Scribit.
477 4555 513 4612 de
536 4556 726 4619 ordinatione.

259 4637 308 4696 80.
332 4637 491 4715 Componit
512 4641 753 4702 oratiunculam
745 4663 776 4701 ιι
799 4650 945 4703 ιοιιιιιι
967 4643 1129 4702 ιιιιιιιιι.

140 4720 238 4800 April.
279 4723 309 4782 b.
330 4721 420 4782 Initia
441 4724 623 4801 publicarum
645 4728 912 4789 deliberationum
903 4748 939 4787 ιι
956 4736 1108 4787 ιοιιιιιι.
1152 4728 1321 4805 Propositio
1343 4725 1481 4787 Caesaris
1501 4725 1617 4806 legitur

260 4809 308 4868 13.
331 4809 460 4887 Eligitur
479 4811 650 4872 Melanthon
672 4832 739 4873 cum
760 4815 841 4889 aliis,
870 4824 902 4875 ut
929 4813 1112 4889 colloquatur
1132 4833 1197 4873 cum
1221 4813 1460 4875 Cutholicia-
1483 4810 1645 4874 Granvolla
1666 4814 1858 4892 Burgundum
1887 4815 2054 4893 ohirnrgnm
2076 4811 2155 4875 Cae·

367 4896 440 4956 saria
461 4895 648 4958 Melanthoni
667 4901 766 4974 mittit,
787 4911 819 4959 ιι
841 4911 922 4960 curet
944 4919 1062 4958 manum
1082 4899 1223 4960 luxatam.

261 4980 307 5038 15.
333 4982 503 5042 Acoereitus
526 4994 570 5042 est
592 4985 740 5061 Brentius,
760 4987 931 5065 Theologns
953 4984 1175 5045 Bullensis-
1198 4984 1297 5044 Iustus
1317 4984 1406 5043 lonas
1427 4983 1523 5044 Halae
1540 4983 1693 5045 Saxonum
1715 4985 1827 5063 primus
1844 4984 2038 5063 Evangelium
2055 4986 2154 5047 docet.

260 5058 308 5124 18.
330 5069 515 5129 Amsdorfins
537 5087 557 5128 a
577 5069 720 5151 Principe
740 5072 826 5133 Rlect
844 5092 877 5132 re
897 5071 1022 5130 mittitur
1042 5069 1247 5145 Ratisbonam,
1268 5091 1308 5131 ne
1328 5072 1450 5131 nimium
1473 5073 1650 5132 concedatur
1671 5071 1859 5131 ιιιιιιιιιιι.
