4590 5588
108 4982 128 5041 b

147 176 216 247 m
780 169 969 238 PlllLlPPl
991 168 1314 247 'anamnesis
1338 169 1498 239 eruat.

151 367 230 428 Nev.
268 366 317 426 16.
341 365 486 440 Caspar
506 359 687 439 Craciger
709 361 873 419 meritur.

171 451 318 514 ιιι-20.
340 446 510 510 Conventus
531 442 684 507 Celleasia.

268 537 317 597 19.
341 537 462 595 Interim
485 533 630 605 Cellense,
653 552 675 591 s
696 530 790 589 altera
811 532 906 590 senua
926 530 1027 603 libelli,
1049 532 1100 608 qui
1122 538 1225 607 postea
1246 531 1411 610 appellatus
1433 542 1478 591 eat
1500 531 1621 589 Interim
1643 531 1801 591 Mismcum
1822 532 1869 591 vel
1888 530 2054 609 Lipsieuae.

150 620 224 683 Dee.
286 624 316 684 6.
339 620 478 696 Queritur
500 619 681 689 Melanthea,
702 617 814 677 litteras
836 634 906 675 suaa
926 617 1062 694 intercipi
1084 624 1113 674 et
1133 612 1255 675 Caesari
1277 618 1361 677 mitti.

270 712 318 768 ll.
340 707 471 766 Vocatur
490 706 528 764 ad
550 713 725 765 conventum
746 701 994 762 Interbocensem.

270 794 317 852 16.
340 790 485 870 Scriptum
505 789 725 867 Theologerum
745 790 782 847 de
804 789 949 848 samiflcie
970 788 1088 847 Missae.

271 878 501 939 intemetum
523 878 553 935 ia
576 885 720 934 conventu
741 874 945 935 luterbacenai

339 964 511 1022 Melanthea
529 961 723 1040 proficiscitur
733 959 867 1037 Lipsiam
885 960 922 1018 ad
940 969 1113 1018 conventum
1131 977 1153 1027 a¹
1168 958 1316 1030 Mauritie,
1336 958 1479 1029 Electum,
1503 978 1568 1017 cam
1586 958 1737 1017 ordinibus
1755 976 1827 1019 snae
1843 959 1964 1018 ditionis
1982 959 2157 1018 habendam.

266 1050 317 1110 21.
339 1046 509 1109 Conventus
527 1046 649 1125 Lipsiae
670 1047 794 1106 habitas.

267 1133 317 1194 24.
340 1134 459 1192 Interim
480 1132 647 1211 Lipsiease.

340 1220 501 1297 Theolegis
533 1220 686 1279 mandatur
713 1237 731 1275 a
759 1218 910 1288 Mauritie,
942 1224 974 1273 at
1002 1216 1124 1275 termam
1152 1214 1342 1290 Agenderam
1369 1232 1516 1273 sacrorum
1544 1214 1760 1274 eemcriberant
1792 1218 1896 1292 (quam
1924 1226 2027 1293 postea
2053 1232 2154 1276 menae

377 1306 483 1364 Martie
505 1306 596 1365 1519.
619 1304 802 1380 Merseburgi
825 1302 1034 1375 absolverunt).

996 1602 1153 1668 ANNO
1191 1600 1318 1665 teta.

153 1824 215 1886 Ian.
290 1827 320 1885 5.
342 1824 513 1883 Melanthea
536 1841 573 1883 ex
594 1832 739 1881 conventu
760 1822 880 1899 Lipsiae
902 1824 1001 1882 habite
1023 1824 1100 1881 redit
1117 1821 1316 1897 Vitebergam.

291 1911 319 1970 6.
339 1907 448 1970 Scribit
468 1909 686 1986 Meieabargiez
722 1907 861 1985 ,Lipsius
891 1909 969 1967 actio
995 1926 1055 1966 aen
1082 1907 1151 1965 iacit
1179 1907 1209 1965 ia
1237 1905 1372 1965 ιιοιιιιιι
1394 1906 1597 1978 mutationem,
1626 1909 1696 1984 quia
1723 1910 1926 1969 ceauevaraia
1952 1911 1991 1969 de
2013 1910 2106 1971 Missa
2128 1920 2159 1970 et

377 2013 491 2053 ιιιιοιιι
512 1995 643 2053 relicitur
664 1994 703 2052 ad
723 1993 797 2051 aliua
819 1994 960 2066 actiones,
981 1994 1035 2052 scd
1057 2002 1153 2050 ιιιιιιιι
1175 1993 1319 2069 quaedam
1338 1992 1464 2068 optarim
1486 1992 1573 2051 aliter
1593 2002 1660 2052 acta
1680 1998 1775 2054 esse*

292 2084 321 2143 7.
342 2079 486 2158 Theelegi
507 2080 714 2139 Bereliaeases
736 2078 902 2137 consultant
922 2078 1147 2155 Vitehergeases
1169 2079 1206 2137 de
1227 2078 1302 2137 libre
1325 2082 1507 2155 Augustane.

271 2170 319 2227 ll.
341 2166 530 2244 Responsum
552 2165 807 2241 Vitebergeasium
828 2165 952 2222 mittitur
972 2165 1153 2224 Bereliaum.

268 2252 317 2311 20.
340 2251 453 2310 Ultima
475 2251 599 2329 epistola
619 2250 816 2309 Melanthenis
837 2250 995 2309 advitam
1015 2250 1216 2309 Theodoram.

270 2337 320 2398 23.
343 2332 606 2396 concionatoribus
632 2335 896 2395 Mansfcldeasibns
922 2337 1024 2396 scribit
1051 2336 1090 2395 de
1111 2336 1294 2413 adiaphoris,
1315 2336 1444 2411 itemque
1463 2336 1580 2411 Aepiae
1601 2334 1835 2413 Hsmbargeasi,
1859 2345 1890 2395 at
1910 2336 2033 2409 indicat,
2062 2339 2154 2397 servi-

284 2466 288 2473 .
377 2429 467 2480 tutem
488 2423 519 2479 ia
540 2421 709 2499 adiaphoris
731 2422 829 2499 potius
849 2421 998 2481 serendam
1020 2440 1085 2482 esse
1106 2441 1194 2499 quam
1214 2421 1390 2481 ιιοιειιιιιιιι
1412 2419 1569 2479 Ecclesiae.

267 2507 317 2568 25.
341 2505 482 2581 Queritur
503 2508 540 2566 de
562 2508 663 2583 inopia
685 2508 870 2566 Academiae.

269 2594 320 2653 29.
342 2590 450 2651 Scribit
471 2594 509 2651 de
531 2593 702 2668 adiaphoris
722 2593 760 2650 ad
781 2591 921 2651 Pasteres
938 2592 1166 2652 Fraaceterdiae
1185 2593 1223 2650 ad
1244 2590 1393 2651 Moenum.

153 2676 241 2739 Febr.
290 2679 319 2738 9.
342 2677 506 2741 Erhardum
529 2676 718 2755 Schnepfium
734 2677 851 2751 invitat,
872 2687 905 2736 at
921 2696 954 2738 se
974 2677 1164 2754 Vitebergam
1185 2677 1325 2736 οοιιιιιιι.

269 2762 320 2824 12.
343 2760 473 2821 Litterae
490 2761 616 2823 Senatus
627 2764 886 2839 Argentorateasis
898 2764 935 2821 ad
953 2762 1119 2835 Caesarem,
1136 2762 1344 2842 promittentis,
1360 2779 1393 2821 se
1403 2762 1479 2823 libre
1491 2765 1679 2842 Argustana,
1695 2762 1827 2837 Interim,
1842 2764 2072 2844 obsequutnrum
2083 2783 2157 2826 ease.

149 2914 152 2919 ,
268 2850 318 2909 13.
341 2847 512 2907 Melanthea
533 2846 654 2926 Lipsiae
675 2858 720 2907 est
740 2849 778 2906 ad
799 2848 918 2927 nuptias
938 2849 1068 2908 Meareri
1090 2848 1345 2909 concelebrandae.

270 2932 323 2995 21.
344 2932 456 2994 Temos
477 2932 534 2993 111.
555 2953 677 3012 eperum
698 2934 931 3011 germanicorum
952 2933 1077 2994 Lutheri
1099 2935 1152 2994 sub
1172 2934 1255 3011 prelo
1277 2944 1330 2995 est.

270 3020 321 3078 24.
344 3018 489 3078 Baceram
509 3020 623 3093 invitat,
645 3030 678 3080 nt
698 3020 888 3097 l'itebergam
909 3022 1015 3080 veniat.
1037 3076 1040 3084 .

153 3106 239 3167 Mart.
294 3109 321 3164 1.
344 3103 500 3164 Praefatur
518 3106 550 3164 ia
571 3106 677 3165 librum
699 3103 794 3164 Flauii
815 3106 928 3184 lllyrici
949 3108 986 3165 de
1006 3125 1078 3165 voce
1101 3116 1130 3165 et
1151 3126 1184 3164 re
1205 3107 1285 3168 fidei.

291 3192 320 3250 3.
343 3185 572 3251 Ceaeieaderes
594 3190 761 3261 Ulmeases,
783 3191 891 3269 captivi
912 3193 1029 3251 abducti
1051 3211 1070 3250 a
1090 3191 1226 3264 Caesare,
1251 3192 1434 3251 dimittantur
1454 3190 1548 3250 liberi.

194 3276 320 3343 7-15.
343 3276 514 3335 Melanthea
546 3276 593 3334 his
623 3275 726 3336 diebus
751 3278 806 3337 iter
833 3276 938 3338 semesa
964 3277 1078 3335 videtur
1104 3278 1142 3336 ad
1168 3235 1331 3354 Gebrgium
1353 3277 1522 3356 Principem
1545 3275 1753 3351 Aahaltianm,
1786 3285 1820 3335 ut
1847 3294 1914 3337 cam
1941 3297 1977 3337 ee
2006 3278 2158 3340 deforma

378 3362 567 3438 Ageaderam
589 3379 747 3434 sacrorum,
769 3363 909 3440 Mauritie
931 3362 1060 3421 Electeri
1080 3363 1232 3436 tradenda,
1254 3363 1436 3423 deliberaret

272 3434 322 3507 l8.
344 3445 439 3505 Fama
460 3455 516 3519 est,
536 3446 756 3506 Melanthenem
777 3468 796 3506 a
818 3448 894 3507 lulio
913 3449 1007 3524 Pflug,
1029 3448 1187 3526 Episcopo,
1208 3450 1334 3526 pecunia
1355 3456 1524 3527 eennptnm
1546 3466 1621 3521 esse,
1644 3453 1676 3506 nt
1695 3465 1845 3507 umerum
1866 3450 2020 3509 mutationi
2036 3449 2157 3555 faveret.

270 3531 320 3591 25.
343 3532 430 3591 Vitas
451 3532 635 3606 Theodorus,
658 3534 847 3592 concionator
868 3532 1127 3611 Neriabergeasis,
1151 3536 1282 3596 meritur.

343 3617 513 3677 Melanthea
535 3618 573 3676 ad
596 3616 760 3695 Georgium
779 3620 899 3678 Aahalt.
922 3621 1037 3679 scribit.
1067 3618 1222 3697 ,Illyricas
1243 3620 1313 3680 binc
1333 3621 1421 3693 abiit,
1443 3628 1544 3697 aperte
1565 3612 1684 3678 cansam
1706 3619 1782 3677 heac
1799 3618 1914 3692 diceas,
1936 3637 1969 3679 se
1990 3621 2071 3681 aelle
2092 3640 2158 3700 spe·

377 3711 515 3763 ctaterem
548 3721 612 3763 esse
644 3705 814 3764 mutationis
841 3706 1036 3775 rituam3-
1058 3706 1194 3778 arbitrer,
1222 3723 1361 3783 quaerere
1388 3664 1471 3764 illam
1499 3706 1613 3778 sedem,
1646 3705 1724 3763 unde
1756 3704 1876 3764 liberius
1903 3722 1959 3765 nes
1986 3707 2160 3767 calumniari

376 3790 497 3866 possit.“

154 3875 252 3953 April.
292 3876 320 3933 1.
344 3872 510 3952 Philippus,
532 3875 632 3936 Caroli
654 3873 790 3936 Caesaris
812 3875 899 3948 tilius,
919 3875 1103 3954 amplissima
1123 3893 1190 3934 cum
1212 3895 1321 3953 pompa
1340 3874 1511 3935 Bruxellam
1533 3876 1703 3953 ingreditur.

343 3957 475 4020 Baeerns
496 3970 526 4020 et
546 3960 657 4020 Paulus
678 3960 790 4037 Pagina
812 3980 851 4019 ex
872 3963 1071 4037 Argentorate
1092 3961 1215 4020 exulant
1236 3970 1266 4019 et
1285 3962 1317 4019 ia
1339 3962 1479 4039 Angliam
1499 3979 1532 4020 se
1553 3963 1705 4039 recipiunt

343 4044 507 4103 Excuditnr
526 4046 731 4105 Ptolemaei
751 4045 848 4105 liber
868 4043 998 4125 μεγάλης
1019 4044 1182 4123 συντάξεως
1202 4065 1308 4125 graece
1330 4057 1359 4106 et
1381 4047 1481 4106 latine.

291 4132 320 4191 7.
341 4128 480 4189 Pastores
502 4130 730 4209 Vitebergensis,
750 4130 914 4210 lipsiensis
935 4144 964 4191 et
986 4133 1161 4192 Dresdeasis
1193 4134 1318 4209 probant
1349 4133 1472 4191 termam
1501 4134 1690 4211 Ageadernm
1718 4150 1868 4192 merorum
1896 4132 2067 4212 aGeergie
2096 4138 2158 4194 Aa·

376 4214 488 4277 ιιιιιιιιο
513 4219 659 4292 scriptam.

272 4301 320 4360 13.
342 4297 511 4361 Conventus
527 4303 746 4378 Tergavieasis,
768 4303 818 4361 abi
840 4303 1011 4361 Melanthea
1031 4303 1139 4380 aliique
1161 4303 1198 4364 de
1219 4304 1313 4364 ferma
1336 4304 1524 4381 Agendernm
1546 4322 1695 4365 sacrorum
1716 4304 1840 4364 ulterius
1859 4303 2028 4363 deliberant.

271 4388 321 4448 16.
342 4386 540 4448 Melantheais
561 4407 733 4466 responsum
753 4388 792 4445 ad
814 4389 1033 4448 cencieaateres
1054 4388 1295 4467 Hambargenses
1314 4390 1351 4448 de
1375 4389 1553 4467 adiaphoris.

268 4471 318 4533 21.
340 4472 534 4551 Magdebnrgi
555 4474 701 4552 prodeunt
719 4473 812 4532 libelli
833 4475 971 4534 adversm
992 4475 1164 4553 Theeleges
1185 4475 1419 4552 Vitehergensea.

269 4559 319 4619 23.
338 4559 509 4619 Melanthea
529 4560 679 4638 praefatur
699 4560 730 4617 in
751 4559 836 4619 Tem.
860 4560 915 4617 111.
940 4580 1061 4639 eperum
1081 4560 1237 4620 latinorum
1259 4559 1392 4619 Lutheri.

270 4644 320 4703 28.
343 4639 512 4705 Conventus
534 4643 695 4718 Grimmae,
717 4645 767 4704 nbi
785 4645 859 4704 liber
880 4646 1071 4723 Ageaderum
1094 4664 1243 4705 sacrorum
1268 4646 1497 4723 recognoscitur.

156 4727 225 4787 Mai
294 4731 320 4788 1
342 4728 514 4790 Declaratie
539 4730 753 4808 Theelegeram
775 4731 812 4789 de
833 4731 909 4790 libre
931 4733 1151 4808 Agendernm'
1141 4750 1173 4790 ιιι
1194 4738 1339 4790 coaventu
1361 4727 1549 4790 Grimmeasi.

238 4894 242 4899 Ι
343 4814 467 4874 menate
489 4816 568 4873 Maio
590 4815 837 4894 Archiepiseepas
860 4818 1089 4894 Meguatinns
1080 4836 1112 4875 ιιι
1133 4816 1308 4895 provinciali
1341 4818 1456 4895 synode
1483 4817 1611 4876 restitnit
1636 4818 1817 4877 carmoniae
1838 4815 1996 4893 papisticus
2017 4834 2036 4874 a
2057 4818 2159 4877 Prete-

377 4892 518 4960 stantibus
539 4900 705 4977 abrogatas

292 4986 321 5045 9.
345 4987 515 5047 Melanthea
536 4987 662 5045 absolvit
682 4987 767 5047 Teaa
788 4985 843 5048 111.
866 5006 989 5066 eperum
1016 4986 1140 5046 Lutheri
1171 4987 1337 5048 latinorum.
1386 4988 1460 5048 Item
1479 4988 1689 5047 Ptolemaei
1721 4988 1819 5047 liber
1851 4988 2021 5047 absolvitur.
2063 4988 2159 5048 Adest
2260 5032 2273 5051 .

379 5074 553 5152 vitebergae
574 5070 749 5144 Sabinas,
770 5072 969 5135 Melanthenis
985 5092 1083 5150 gener.
