4590 5588
134 110 181 186 st
383 62 390 77 ’
785 112 1314 189 emmerammus
1337 116 1499 186 orsas.

137 312 224 375 11555.
327 307 417 370 Liber
438 307 616 369 visitationis
636 327 657 368 a
672 308 861 387 typographo*
872 309 1023 370 5155515555
1044 286 1112 372 est.
1277 350 1299 359 --
1384 334 1387 339 ·
2081 299 2150 375 ...51

237 395 455 460 ’8511551551
467 403 551 454 55555
569 396 718 455 studiosi
709 413 741 454 ι5
754 393 924 456 85555155.
962 395 1134 456 1151555555
1150 342 1248 455 56555
1264 342 1462 457 commoratur
1473 340 1565 457 lenac
1583 398 1622 459 ob
1639 346 1799 478 quasdam-
1800 338 1921 477 negotia
1923 328 2150 464 adm

136 484 234 564 April.
275 485 304 545 6.
327 482 363 540 ln
383 481 481 540 sulam
503 489 633 542 vocatur
677 480 816 540 Absolvit
834 482 1064 560 disputationem
1086 483 1227 542 adversus
1252 482 1496 560 Anabaph'stas.¹

257 573 306 631 10.
327 567 457 645 Lipsiae,
480 576 525 626 est
546 569 694 626 rediturus
717 567 914 646 Vitehergsm.

327 655 463 714 51555555
486 656 558 730 Apr.
580 654 719 712 indicium
742 653 779 712 de
797 655 999 754 Anabsptistis
1016 651 1124 713 Socero
1146 652 1323 731 bibliopolae
1343 654 1548 713 excudendum
1568 655 1666 714 mittit.

138 740 208 802 Ιά.
256 744 306 802 15.
327 737 402 800 Oum
425 739 556 798 Lutbero
576 748 606 797 55
627 740 762 799 Pontano
784 740 902 818 Torgae
924 743 1017 800 estin
1040 740 1117 823 5515,
1139 747 1170 797 55
1191 738 1372 813 dehortatur,
1394 759 1432 798 ne
1454 739 1563 800 bellurn
1584 741 1759 819 suscipiatur
1778 744 1922 804 adversas
1940 741 2124 805 catholicos.

255 830 305 888 18.
327 825 467 886 Graviter
488 825 620 884 bortatur
642 825 783 885 Ioannem
806 826 854 884 Pr.
877 824 983 900 81555,
1005 835 1039 884 55
1060 845 1162 904 pacem
1183 835 1309 883 tueatur.
2166 884 2168 888 ,

139 910 247 974 155.
275 914 304 973 8.
328 912 433 972 Bembi
456 910 561 970 etPici
577 911 719 989 epistolas
738 913 827 970 mrttrt
836 911 1017 986 camerario
1037 913 1085 970 cai
1106 911 1215 1012 scribit,
1237 928 1271 970 se
1292 930 1370 983 5555
1392 911 1594 971 elaborarem
1615 862 1988 989 recognoscendahuthsri
2009 915 2151 978 version·

362 997 539 1070 [55515515
563 999 746 1056 enarrandis
757 999 919 1075 proverbiis
940 995 1108 1058 Salomonis
1128 1007 1159 1056 et
1178 998 1210 1056 in
1232 995 1356 1057 55551115
1374 999 1517 1058 addendis
1539 999 1663 1057 litbicae
1685 999 1861 1060 Aristotelis

328 1082 397 1143 Hoc
416 1102 517 1143 mense
538 1084 626 1142 515551
643 1103 709 1143 cum
731 1083 862 1143 bothero
884 1084 1052 1162 Principem
1074 1084 1240 1142 illectorem
1262 1085 1379 1143 assidue
1398 1084 1542 1158 hortatur,
1562 1102 1601 1143 ne
1623 1085 1731 1144 bellum
1754 1097 1878 1147 moveat
2098 1159 2100 1163 Ι

137 1170 194 1231 151
256 1172 305 1231 15.
326 1169 447 1228 Prolixo
468 1169 570 1229 scribit
591 1168 761 1228 camerario
783 1171 820 1228 de
841 1171 1040 1230 moliminibus
1063 1171 1245 1248 Principum,
1267 1171 1451 1247 potissimum
1473 1169 1663 1246 migravit,
1681 1170 1788 1232 bellurn
1809 1174 2016 1234 minitantium.

139 1253 219 1336 Sept.
254 1259 303 1319 13.
325 1255 423 1314 Faber
440 1273 479 1314 ex
492 1254 637 1315 Bobenia
658 1259 695 1314 ad
710 1256 929 1316 Melanthonem
944 1257 1063 1336 scripsit
1077 1275 1204 1334 eumque
1219 1253 1353 1316 hortatus
1371 1265 1424 1330 est,
1446 1266 1480 1317 ut
1499 1276 1519 1315 s
1532 1273 1624 1317 cause
1642 1276 1744 1336 evang.
1765 1259 1893 1335 deficiat,
1913 1260 2059 1337 simulque
2080 1279 2149 1339 pro·

361 1341 442 1400 misit
462 1341 601 1441 praemia.

254 1427 304 1489 81
327 1428 504 1487 valetudine
522 1427 629 1486 misera
648 1428 748 1485 utitur.

139 1512 210 1577 055
261 1516 309 1574 16.
330 1511 426 1574 Sentit
447 1513 525 1571 vires
547 1513 678 1590 corporis
701 1513 832 1590 quotidie
852 1513 986 1572 deiicere.
1030 1511 1141 1573 Scribit
1160 1513 1282 1573 annales
1304 1513 1341 1572 de
1363 1513 1451 1572 rebus
1471 1463 1529 1573 hoo
1550 1533 1627 1574 anno
1649 1517 1757 1593 gestis.
1910 1568 1913 1574 .

259 1602 307 1660 15.
329 1599 558 1659 Proficiscitur
549 1618 580 1657 m
601 1598 795 1676 Thuringiam
819 1618 857 1657 ex
879 1600 1017 1658 mandato
1044 1600 1190 1677 Principis
1212 1599 1374 1672 1115555515,
1407 1609 1440 1658 55
1460 1599 1612 1660 Ecclesiae
1638 1602 1682 1660 ibi
1706 1602 1853 1681 inspiciat.
1904 1599 2009 1663 Socios
2037 1602 2149 1664 laboris

363 1686 452 1744 babet
471 1684 612 1743 loannem
632 1704 651 1743 s
672 1685 805 1758 Flauiis,
835 1685 958 1746 Hieron.
978 1681 1112 1758 8555511,
1135 1686 1291 1746 51555555
1312 1686 1350 1745 55
1371 1684 1548 1764 Haugvrita,
1574 1684 1756 1749 Pridericum
1778 1690 1947 1768 Myconium
1975 1696 2006 1748 et
2032 1688 2147 1750 Iustam

303 1772 502 1837 lienium.

329 1856 398 1917 Hoc
416 1875 518 1917 mense
538 1853 661 1915 Lutberi
682 1856 765 1935 epist
788 1858 826 1916 ad
849 1856 1053 1916 wenceslaum
1075 1854 1233 1916 Linokium
1254 1858 1291 1916 de
1313 1854 1444 1935 Georgio
1466 1855 1551 1918 Duce
1570 1808 1718 1919 Senoniae
1738 1860 1837 1921 sulam
1857 1861 1945 1920 valde
1965 1870 2074 1923 morat.

70 1955 72 1959 ’
138 1942 220 2005 Nor.
276 1942 304 2002 8.
327 1939 436 2002 Scribit
456 1943 562 2003 Ioanni
580 1943 713 2002 ministro
736 1944 772 2002 de
794 1943 958 2002 differenda
980 1944 1108 2002 editione
1129 1944 1306 2004 dialectices.

138 2027 214 2093 Dec.
333 2029 473 2108 Myconio
495 2047 578 2088 suam
598 2029 700 2089 scribit
720 2030 894 2089 sententiam
916 2030 954 2087 de
974 2027 1097 2088 Lutberi
1117 2029 1242 2106 epistola
1263 2031 1404 2089 adversus
1426 2028 1589 2108 Georgium
1609 2030 1724 2090 Ducem
1745 2029 1816 2092 855

329 2115 473 2174 Versatur
494 2115 553 2175 hoc
573 2116 724 2175 manseio
748 2116 902 2175 visitandis
923 2115 1066 2175 1155155115
1086 2116 1118 2173 15
1139 2115 1312 2194 15555315,
1334 2116 1469 2194 inprimis
1490 2115 1609 2177 Gotbae
1631 2127 1660 2177 st
1681 2116 1808 2179 Isenao‘a

980 2366 1137 2434 ANNO
1177 2367 1303 2436 1589.

137 2541 202 2604 inu
215 2545 308 2604 l-b.
326 2541 495 2620 Occupatus
514 2551 559 2600 est
579 2543 610 2601 15
632 2542 786 2613 visitandis
808 2541 961 2604 1155155115.

275 2629 305 2690 6.
327 2630 386 2689 Per
406 2627 573 2688 Briordiam
590 2629 667 2687 redit
688 2628 870 2690 wimarism
934 2622 936 2627 ’

275 2716 305 2776 9.
327 2715 446 2793 Accipit
464 2711 585 2773 Lutlreri
605 2714 751 2774 libellum.
794 2727 849 2778 tos
869 2713 1024 2791 betulliam
1042 2713 1194 2792 gedubbrcn
1213 2687 1337 2788 scetes.

328 2799 396 2860 Hoc
417 2798 478 2858 fers
497 2807 630 2878 ternpore
650 2801 811 2878 respondet
832 2801 872 2859 ad
891 2802 1108 2878 quaestionem
1132 2816 1171 2860 55
1191 2801 1281 2860 115555
1302 2798 1479 2860 Christianis
1500 2798 1624 2878 litigare.

158 2928 161 2933 ‹
255 2886 306 2948 84.
328 2887 516 2962 Vitebergarn
537 2886 643 2945 iterum
664 2886 867 2964 proficiscitur.

43 3042 46 3047 ¹
258 2973 307 3034 60.
328 2969 484 3051 Spalstino
504 2989 588 3031 suam
609 2973 682 3032 dicit
702 2974 876 3032 5555555155
898 2973 935 3031 65
956 2972 1141 3033 eucharistia.
1325 3024 1328 3029 .

139 3057 213 3119 rso.
223 3060 260 3119 l4
267 3075 312 3137 sq.
328 3057 500 3136 Philippum
522 3057 737 3118 Eberbachium
756 3055 977 3136 Coburgensem
999 3061 1128 3136 graviter
1149 3058 1290 3119 bortatur.
1550 3094 1553 3099 -

66 3204 69 3209 ,
255 3144 307 3207 80.
329 3143 503 3203 Wimariam
524 3145 603 3203 venit
623 3145 805 3223 protecturus
828 3163 895 3205 cnm
916 3144 1055 3222 Principe
1074 3144 1211 3204 Electore
1231 3141 1349 3222 Spiram
1371 3143 1410 3202 ad
1431 3142 1559 3203 comitia.

138 3230 227 3292 81555
256 3230 307 3291 13.
328 3228 445 3309 Spiram
463 3231 551 3290 venit.
1132 3300 1135 3305 ‚

81 3318 85 3323 ’
257 3316 306 3376 15.
329 3316 527 3395 Exponuntur
547 3317 579 3375 in
599 3314 734 3377 Oomitiis
754 3314 893 3376 Caesaris
914 3317 1061 3377 mandata.

330 3401 470 3477 Queritnr
491 3401 673 3474 Melanthos,
695 3402 828 3461 homines
850 3403 952 3462 doctos
974 3401 1045 3461 viris
1065 3401 1194 3480 politicis
1216 3409 1247 3460 et
1266 3400 1447 3479 principibus
1468 3397 1572 3478 Spirae
1592 3400 1746 3479 despectui
1768 3409 1798 3460 et
1818 3400 1930 3461 6551551
1952 3417 2026 3460 esse.

257 3486 307 3549 84.
329 3486 377 3546 De
398 3506 491 3547 coena
511 3505 596 3546 sacra
614 3489 652 3546 ad
672 3485 878 3564 osburgenses
898 3487 1007 3548 scribit

256 3574 307 3633 60.
330 3572 431 3632 loacb.
452 3571 639 3633 Camerarius
660 3574 740 3632 venit
761 3571 885 3652 Spiram.
1500 3627 1503 3631 .

190 3700 193 3705 ι
330 3658 512 3718 Ρ55555555“
503 3678 535 3718 m
557 3659 789 3737 Dispositionem
811 3657 992 3719 Orationis
982 3677 1014 3718 ιιι
1036 3678 1082 3736 ep.
1105 3619 1193 3718 Pauli
1212 3658 1251 3717 ad
1273 3657 1433 3718 11555555

142 3744 237 3823 April.
277 3744 308 3804 8.
330 3741 559 3822 Oecolampadio
578 3746 679 3804 scribit
700 3746 737 3804 de
758 3764 844 3805 sacra
865 3762 959 3805 coena
979 3743 1144 3822 epistolam,
1166 3745 1325 3823 separatim
1345 3745 1462 3807 editam.

331 3827 513 3888 Praefatur
504 3850 535 3889 m
557 3829 692 3890 Danielis
714 3832 853 3890 vaticinia
872 3832 910 3889 ad
932 3829 1058 3908 Regem
1067 3829 1295 3892 Ferdinandum.

141 3914 213 3976 5151.
280 3912 1277 3999 4155555555555115155,5555555555555516155151555555555.1
1323 3915 1489 3975 Advenisse
1516 3915 1632 3974 videtur
1652 3914 1681 3977 d
1705 3916 1734 3975 5.
1755 3914 1843 3986 51511·
1875 3925 1955 3975 certa
1975 3915 2005 3975 6.
2027 3917 2055 3976 1.
2076 3915 2150 3976 51511

364 4001 471 4060 iterum
491 4001 548 4060 tuit
568 4002 753 4079 Vitebergae.

262 4087 310 4146 14.
331 4084 380 4143 De
402 4085 549 4163 colloquio
571 4106 637 4146 cum
659 4086 805 4167 Zwinglio
827 4086 963 4147 habendo
984 4086 1085 4147 scribit
1105 4087 1144 4145 ad
1163 4085 1305 4146 Ioannem
1327 4070 1509 4146 Fridericum
1528 4083 1679 4148 Senoniae
1699 4084 1823 4146 Ducem.

261 4172 310 4232 11.
333 4166 512 4242 camerario,
534 4168 707 4250 Spongiam,
730 4175 960 4252 Baumgartnero
981 4181 1083 4232 555555
1103 4173 1254 4233 historiam
1273 4174 1619 4250 amicissimorum
1643 4171 1857 4232 eventuvalde
1887 4180 1945 4233 ost
1952 4173 2149 4250 panthema

258 4255 669 4334 861155535555158555551
690 4262 852 4319 versionem
874 4278 966 4337 germ.
987 4259 1054 4318 libri
1076 4255 1247 4335 Sapientiae
1266 4260 1338 4337 (vid
1361 4258 1449 4363 Loth.
1473 4260 1566 4338 epp..)

258 4341 307 4403 86.
331 4343 458 4401 8555551
477 4344 632 4422 epistolam
650 4346 688 4404 ad
705 4345 855 4406 Romanos
878 4345 950 4417 (vid
969 4343 1057 4404 Loth.
1079 4347 1168 4422 epp).

144 4424 211 4491 Iun.
259 4429 306 4488 10.
328 4427 447 4488 Novum
470 4437 675 4489 testamentum
695 4434 892 4509 germameum
913 4428 1099 4508 recognoscit
1119 4448 1185 4490 cum
1203 4429 1344 4491 Lutbero.
1387 4431 1535 4490 Emendat
1554 4447 1639 4489 suam
1667 4388 1851 4492 amiciam
1893 4426 2005 4491 Scribit
2025 4430 2151 4509 pag'nas

366 4515 403 4573 de
425 4515 570 4574 mensuris
589 4525 618 4574 et
639 4517 675 4575 de
696 4537 728 4576 re
749 4519 883 4576 numarla
903 4526 1043 4589 veterum,
1066 4523 1171 4594 postea
1194 4517 1297 4576 editas.

260 4602 308 4662 11.
333 4599 423 4659 Ionae
441 4609 551 4673 narrat,
571 4609 679 4677 quanto
700 4604 910 4681 impedimento
931 4603 1106 4663 concordiae
1127 4601 1235 4661 fuerint
1256 4600 1464 4679 stingliani
1454 4618 1486 4669 m
1508 4601 1636 4662 comitiis
1657 4598 1855 4681 Spirensibus.

237 4687 309 4744 ..14
333 4684 480 4745 Lutberus
502 4687 616 4746 scribit.
663 4688 837 4767 „Phiiippus
859 4706 925 4748 sese
945 4697 1073 4747 55555555
1091 4706 1163 4745 cura
1182 4689 1227 4747 rei
1249 4687 1465 4747 ecclesiasticae
1492 4695 1522 4745 et
1542 4687 1722 4765 reipublicae
1741 4704 1837 4764 usque
1855 4687 1894 4748 ad
1915 4686 2077 4767 periculum
2100 4706 2151 4747 va-

365 4771 555 4833 1551561515.1

260 4855 310 4915 80.
327 4854 433 4934 Optat,
454 4864 488 4914 ut
508 4857 676 4918 coniunctio
695 4877 762 4917 cum
781 4858 975 4938 zuinglianis
995 4858 1187 4936 impediatur,
1210 4867 1240 4919 st
1259 4860 1335 4921 mori
1355 4857 1484 4933 mavult,
1511 4876 1603 4935 quarn
1620 4856 1809 4921 Lutberancs
1829 4859 1969 4920 societate
1989 4857 2153 4938 Zvvinglia·

249 4984 253 4989 -
366 4960 424 5000 nae
441 4959 547 5002 555555
568 4944 768 5025 conmuni.

259 5025 309 5085 81.
330 5025 475 5087 Invitatus
495 5031 534 5089 ad
554 5028 732 5106 colloquium
751 5030 972 5109 Marburgensc.
