4590 5588
27 154 32 161 ⁵
157 179 222 251 m
826 176 1013 246 PlllLlPPl
1033 121 1353 255 summotos
1374 179 1538 250 01²th

159 375 239 452 Aug.
297 373 327 433 9.
350 369 477 430 Litbiasi
499 371 629 444 laborat,
649 373 700 449 qui
721 372 840 431 morbus
856 369 1025 432 Camerario
1048 391 1165 449 quoque
1184 372 1325 433 molestus
1342 382 1397 435 est.

274 460 323 519 10.
346 457 593 534 Ambergensibus
614 475 699 517 suem
719 457 820 517 scribit
841 458 1015 517 sententian
1036 459 1074 517 de
1095 459 1191 517 torma
1214 459 1392 535 agendorum
1412 477 1571 533 mororum,
1592 477 1679 537 quam
1701 459 1889 539 Vitebmgaur
1909 461 2058 521 miserunt.

347 542 458 602 Probet
474 543 649 620 supplicium
668 544 705 602 66
726 540 849 602 Serreto
872 541 1011 602 chevae
1032 555 1188 621 sumptum.
1231 545 1314 619 (vid.
1337 546 1424 604 eu'sm
1447 565 1493 623 ep.
1513 546 1542 604 d.
1569 546 1615 604 10.
1638 546 1732 623 Aug.)

271 628 321 689 66.
342 626 457 688 Ultima
475 628 671 688 Melantbonis
694 630 778 705 epist.
798 629 836 687 66
858 629 946 688 161611.
966 630 1187 707 Meisuburgum
1208 630 1361 690 seniorem
1422 669 1425 673 ‹

345 713 470 774 lacobus
491 711 627 790 Rungius
656 715 713 773 hoc
734 732 835 773 meuse
853 715 935 772 veuit
956 714 1155 791 Vitcbergem
1176 717 1282 775 missus
1300 734 1319 773 6
1340 714 1423 773 Duce
1444 715 1651 789 Pomeraniae,
1674 724 1707 775 ut
1722 716 1919 777 blelautbonis
1947 717 2089 778 iudicium
2113 738 2168 779 66-

381 798 499 858 616166
521 801 727 859 coutroversiis
747 801 779 858 in
801 800 936 860 Ecclesia
957 800 1150 860 Pomeranice
1167 802 1294 879 agitatis.
1340 800 1401 878 (ct.
1422 819 1468 877 ep.
1493 802 1521 861 6.
1548 800 1597 861 66.
1621 799 1703 877 061.)

155 882 239 964 Sept
298 884 326 944 6.
347 884 518 943 1161661166
535 885 674 943 mandute
695 886 804 962 accipit
823 885 859 943 ab
877 885 1029 959 Electum,
1054 895 1086 945 ut
1107 904 1139 945 ss
1166 907 1231 945 cum
1253 886 1313 946 alio
1335 887 1455 946 doctore
1471 886 1619 965 Lipsienei
1640 887 1772 947 conferat
1789 886 2004 965 Norinbsrgnm
2026 890 2063 948 sd
2086 907 2166 950 com·

379 969 531 1047 ponendas
551 970 593 1027 ibi
615 974 829 1031 conuoversies
850 991 888 1029 ex
910 968 1050 1030 Osiendri
1071 975 1217 1032 sententia
1238 980 1326 1031 ortas.

344 1052 469 1114 Ineunte
490 1055 547 1114 hoc
564 1073 664 1114 mense
685 1058 809 1115 moritur
832 1057 919 1115 blicb.
941 1057 1178 1134 Meieuburg,
1201 1058 1303 1117 consul
1325 1056 1542 1117 Nortbussnus.

293 1144 322 1203 5.
344 1140 517 1199 1161661666
539 1142 661 1200 remittit
682 1139 804 1201 Senatui
825 1145 1000 1218 Augustano
1023 1145 1201 1222 egendorum
1219 1161 1368 1203 sacrorum
1390 1143 1513 1203 formam
1531 1143 1587 1202 sibi
1604 1143 1732 1203 missam.

292 1228 322 1288 8.
343 1223 523 1295 Sabinus,
541 1226 740 1288 Melanthonis
761 1246 861 1304 gener,
883 1238 927 1287 est
948 1228 979 1285 in
1002 1230 1162 1288 Academia
1178 1229 1436 1289 Francofordianu

292 1315 321 1373 9.
341 1311 512 1371 1161661666
534 1321 578 1369 eet
597 1311 758 1372 Desseviee
779 1315 817 1372 ed
838 1315 1066 1391 componendam
1083 1315 1164 1374 litem
1188 1314 1342 1375 Pastorum
1360 1310 1590 1373 Serrestensium
1612 1314 1650 1372 de
1666 1313 1826 1375 infantibus
1842 1333 1902 1374 non
1920 1313 2086 1392 baptisatis.

271 1400 319 1459 13.
340 1397 513 1455 1661661666
534 1398 639 1456 iterum
661 1408 706 1458 est
725 1399 913 1477 Vitebergae.

267 1486 315 1544 14.
337 1481 477 1557 Queritur
495 1482 677 1555 Melantbon,
700 1485 838 1561 epistolas
857 1502 924 1543 suas
942 1486 1078 1562 intercipi
1100 1504 1119 1543 6
1136 1486 1293 1546 Flaciauis.

159 1571 209 1631 16.
232 1570 278 1630 vel
309 1567 634 1630 11.166661116616616
662 1570 852 1646 proficiscitur
872 1568 1103 1649 Norinbergarn,
1131 1571 1285 1632 comitibus
1303 1570 1452 1631 loacbinro
1469 1569 1655 1642 camerario,
1688 1569 1860 1629 Alexandro
1879 1570 1996 1644 Alesio,
2024 1571 2164 1631 Mauritio

382 1654 512 1730 Heliugo
534 1663 564 1711 et
585 1652 696 1714 Iacobo
718 1655 846 1732 Runglo.

273 1739 323 1802 66.
344 1737 458 1799 Diebus
483 1736 619 1799 66-30.
641 1736 722 1818 Sept.
745 1750 813 1800 sunt
835 1759 1010 1818 congressus
1032 1741 1250 1819 Theologorum
1271 1740 1484 1818 Norinbergae.

341 1827 410 1885 Mel.
433 1824 535 1884 scribit
556 1826 694 1885 iudicium
726 1828 763 1885 de
787 1827 1001 1898 imtificntione,
1024 1828 1071 1887 cui
1093 1845 1206 1898 omnes,
1240 1836 1355 1906 praeter
1386 1824 1583 1887 0616666661
1605 1835 1634 1885 61
1655 1824 1818 1897 Vetterum
1850 1826 2045 1889 subscribunt.
2088 1825 2165 1888 Item
2242 1851 2248 1861 ·

380 1911 481 1970 scribit
501 1912 662 1970 orationem
684 1911 714 1971 in
733 1929 792 1989 qus
813 1913 850 1971 ed
869 1914 1053 1972 concordiam
1070 1912 1240 1989 Theologos
1261 1914 1404 1985 hortatur,
1434 1924 1464 1972 et
1496 1914 1669 1973 concionem
1691 1927 1806 1971 sacram
1824 1930 1843 1970 a
1864 1911 1983 1990 Rungio
2000 1913 2031 1971 iu
2053 1912 2165 1992 ternplo

389 1996 528 2055 habitam.

350 2081 424 2140 Ibid.
448 2079 596 2159 praefatur
616 2083 648 2140 in
670 2079 834 2143 conciones
854 2079 982 2160 Georgii
1004 2082 1052 2142 Pr.
1078 2082 1231 2142 Anhsltini
1254 2082 1391 2144 edendae.

165 2165 233 2228 061.
299 2169 329 2230 t.
352 2166 525 2226 Melantbon
542 2168 598 2226 iter
620 2168 780 2246 ingreditur
801 2170 929 2228 domum.

300 2255 330 2315 9.
354 2252 411 2311 1661
431 2250 570 2331 Coburg'c

273 2337 322 2399 66.
343 2337 462 2397 Iudicat
482 2338 519 2396 66
541 2340 741 2398 controversia
761 2341 837 2398 inter
859 2338 1020 2399 Prederum
1043 2349 1073 2398 et
1094 2339 1275 2417 Artopseum
1295 2339 1332 2398 66
1352 2340 1546 2401 ordinatione.

157 2423 237 2487 Nor.
295 2429 322 2486 1.
346 2422 473 2482 Prodere
495 2423 552 2501 ipsi
579 2424 680 2484 scribit
701 2425 738 2484 de
760 2425 863 2484 eadem
885 2426 1094 2485 controversia.

294 2511 324 2571 6.
347 2509 544 2568 Melautbonis
565 2510 624 2569 loci
646 2528 814 2571 communes
835 2530 905 2569 eura
922 2510 1048 2569 Devidis
1069 2509 1209 2587 Chytrasi
1230 2520 1440 2569 convertuntur
1460 2512 1491 2570 iu
1514 2510 1669 2569 dialectum
1690 2510 1839 2573 saxoniae
1856 2510 2012 2571 inferioris.

296 2597 325 2656 5.
348 2586 424 2655 scie
444 2593 475 2652 N
478 2594 697 2672 oriubcrgeusia
718 2598 797 2674 typis
819 2596 1030 2657 exscribuntur.

276 2684 324 2741 10.
346 2680 467 2759 Lipsiae
489 2680 593 2742 estad
615 2681 815 2759 explorandos
831 2680 1031 2752 scholasticos,
1053 2680 1104 2756 qni
1125 2679 1243 2756 publice
1259 2680 1432 2739 liberalitate
1453 2679 1579 2740 aluntur.

383 2764 484 2824 166616
506 2783 605 2825 mense
626 2768 730 2825 iterum
753 2766 855 2826 scribit
876 2766 912 2824 de
933 2761 1099 2825 Oulmanno
1122 2765 1209 2824 etde
1231 2767 1431 2826 controversie
1451 2763 1644 2826 Osiandrisce
1666 2763 1871 2843 Norinbergae
1892 2767 2012 2844 agitata.

274 2853 322 2912 14.
343 2850 441 2911 Procli
463 2848 592 2909 libellum
614 2852 702 2910 mittit
722 2850 879 2930 Chytraeo.

273 2937 324 2999 65.
347 2939 424 2996 Acta
445 2934 660 3013 Noriuberg‘cs
682 2938 760 2996 edita
786 2948 862 2998 suut.

275 3022 325 3084 66.
347 3022 490 3098 Princeps
510 3020 661 3081 Pelutinus
683 3032 713 3081 et
732 3021 805 3082 Dux
827 3019 1114 3099 Wiirtembergensis
1134 3032 1239 3101 petunt
1256 3022 1428 3100 aPrincipe
1448 3022 1584 3081 Electore
1602 3020 1684 3094 6666,
1705 3033 1738 3080 61
1759 3031 1922 3081 conventus
1943 3021 2165 3100 Theologornm

381 3109 609 3184 discrepantium
632 3116 812 3169 convocetur
831 3118 898 3166 ante
920 3109 1038 3168 comitia
1059 3108 1296 3182 Retisboneusia,
1318 3111 1356 3169 66
1378 3107 1501 3170 calend.
1523 3110 1608 3167 Mart.
1634 3110 1725 3169 1556.
1754 3107 1898 3168 habenda

163 3192 236 3255 Deo
306 3198 334 3254 1.
355 3193 399 3255 Io.
423 3190 564 3269 Stigelius
584 3195 657 3272 petit
678 3214 696 3253 6
713 3194 912 3268 Melautbone,
929 3202 963 3252 ut
979 3193 1096 3255 calvini
1117 3195 1268 3255 doctrinae
1289 3195 1326 3253 66
1342 3212 1427 3254 sacra
1445 3211 1538 3253 coena
1559 3194 1747 3253 contradicat.

141 3280 165 3297 ”
348 3278 417 3340 Hoc
438 3287 568 3356 ternpore
588 3279 758 3340 Melantbon
781 3298 865 3340 suurn
887 3280 1028 3339 indicium
1048 3278 1159 3355 scribit,
1192 3297 1230 3339 66
1251 3281 1398 3341 conducat
1418 3289 1591 3339 conventum
1618 3278 1838 3357 Theologcrum
1860 3277 2042 3339 convocare?
2085 3280 2167 3355 quod

381 3374 478 3442 negat.

293 3454 322 3511 7.
345 3450 400 3509 1161
418 3451 649 3529 Brandenburgi,
672 3469 731 3527 quo
752 3452 894 3511 conduxit
915 3452 992 3511 11166
1013 3448 1116 3512 Sabini
1138 3451 1176 3510 66
1197 3451 1380 3511 salutandum
1403 3460 1524 3510 meuem
1541 3451 1644 3527 petris,
1666 3450 1705 3508 ibi
1732 3451 1887 3509 viventem.

274 3538 325 3597 65.
349 3537 504 3596 Praefatur
520 3538 551 3595 in
574 3536 695 3596 Bureuii
713 3540 876 3597 orationem
900 3538 936 3595 de
957 3548 1036 3595 recte
1056 3538 1235 3597 instituenda
1255 3537 1358 3597 schole
1379 3535 1588 3596 Rostoohiune.

346 3621 414 3682 1166
437 3643 515 3683 anno
533 3633 684 3700 praeterea
705 3625 823 3700 scripsit
843 3624 880 3682 de
902 3624 1018 3682 iudiciis
1035 3623 1066 3681 iu
1084 3622 1219 3682 Ecclesia
1239 3623 1428 3693 necessariis3
1460 3623 1496 3681 de
1527 3622 1743 3699 propositiones
1777 3619 1912 3681 Christus
1926 3682 1929 3687 ⁴
1944 3629 1989 3680 est
2016 3631 2166 3693 creatum

383 3710 420 3767 de
442 3710 689 3787 omnipraesentiu
709 3707 783 3780 Dei3
805 3711 842 3767 de
863 3709 1093 3768 mutuationibus
1111 3721 1138 3768 et
1160 3710 1266 3769 usuris.

972 3958 1162 4047 ,Auno
1200 3959 1325 4024 1556.

155 4139 220 4199 166.
298 4138 326 4197 6.
351 4132 505 4215 Staphylo‚
523 4139 573 4215 qui
595 4137 686 4195 edidit
708 4137 847 4213 scripturn
871 4148 973 4194 contra
992 4135 1189 4207 Luthernnos‚
1210 4151 1403 4210 responsurus
1430 4142 1484 4192 est.
1557 4189 1563 4199 ,

62 4210 68 4223 ’
273 4224 322 4286 tt.
345 4222 476 4281 Flauiani
496 4222 641 4298 Theologi
666 4222 874 4295 1666661666,
896 4219 1078 4300 8611666666,
1101 4217 1266 4298 surgetis,
1285 4216 1421 4290 Stolzius,
1447 4218 1615 4291 Auriiaber)
1648 4226 1677 4275 et
1694 4217 1783 4294 legati
1816 4217 1944 4275 Palatini
1967 4229 1994 4276 st
2016 4215 2180 4279 warren*

379 4309 535 4384 bergenses
557 4308 718 4365 Wimariee
736 4309 912 4366 conveniunt
935 4318 963 4366 et
985 4309 1144 4367 decernunt
1172 4306 1294 4364 tirmiter
1321 4304 1475 4363 tenendam
1504 4321 1568 4363 esse
1587 4301 1708 4361 Lutheri
1734 4303 1896 4362 doctrinam
1920 4304 1957 4362 66
1979 4303 2071 4363 libero
2089 4305 2167 4364 arbi·

379 4395 435 4451 trio
454 4393 530 4451 etde
553 4411 645 4450 coena
673 4412 764 4451 sacra.

273 4480 321 4538 15.
342 4478 511 4537 Melanthon
533 4477 680 4554 praefatur
697 4480 728 4537 iu
751 4476 835 4539 Lasii
855 4479 1002 4537 libellum:
1024 4480 1141 4555 „glitten
1159 4476 1276 4538 tilelnot
1301 4480 1433 4537 166166
1455 4472 1752 4548 6616166666661.“

273 4564 323 4623 60.
346 4563 498 4622 Praetorio
519 4563 619 4621 scribit
639 4564 676 4621 de
698 4563 759 4639 lilio
782 4564 848 4622 Dei.
883 4572 889 4581 '
1259 4604 1263 4613 ·

259 4700 264 4707 .
345 4649 481 4707 Exeuute
502 4646 640 4706 Ianuario
662 4648 771 4707 Paulus
792 4648 844 4708 IV.
865 4649 948 4726 Papa
980 4658 1121 4707 convocat
1143 4647 1183 4705 64
1210 4643 1391 4717 cardinales,
1426 4647 1467 4705 45
1488 4642 1653 4722 Episcopus
1685 4653 1714 4702 et
1738 4645 1798 4704 150
1819 4640 1964 4704 Doctores
1985 4642 2107 4720 1161666,
2131 4656 2164 4706 61

383 4735 506 4793 consilia
525 4732 676 4792 conferant
693 4735 730 4792 de
752 4735 933 4794 emendanda
953 4734 1095 4793 Ecclesia
1804 4776 1807 4783 .

156 4816 246 4877 Febr.
292 4817 321 4877 6.
344 4820 475 4879 Peucero
495 4821 625 4878 nascitur
646 4818 707 4877 lilia
728 4821 822 4878 tertis.

344 4894 514 4964 Melantbon
536 4903 682 4964 Dresdam
706 4916 833 4977 vocatur,
856 4907 893 4963 66
916 4904 1144 4975 deliberandum,
1167 4922 1206 4960 66
1226 4902 1378 4972 66666661,
1402 4911 1434 4959 61
1452 4909 1520 4959 ante
1542 4900 1661 4959 comitia
1682 4897 1909 4959 Retisboneusia
1925 4899 2072 4980 Theologi
2095 4922 2166 4963 con-

385 4991 503 5048 veniant
524 4991 699 5049 concordiae
722 4990 874 5049 faciendas
891 5008 988 5048 66666.

291 5076 320 5136 8.
342 5075 411 5136 Hoc
431 5076 493 5134 fere
514 5076 561 5134 616
583 5075 754 5134 Melantbon
775 5074 920 5134 Dresdam
945 5076 1149 5153 proficiscitur.
