4590 5588
787 202 976 273 aarum
996 202 1316 304 memnonis
1336 202 1499 273 orara.

646 554 909 614 Additamenta
929 554 974 614 ad
996 555 1105 614 huius
1126 552 1309 633 Corporis
1332 552 1534 615 Volumina
1555 549 1654 614 lm&

992 1078 1211 1145 VOLUMEN
1233 1070 1323 1146 xxi.

215 1261 368 1347 LIBRI
397 1262 642 1348 PHHIPPI
672 1257 1085 1345 MELANTHONIS
1116 1260 1177 1343 IN
1208 1257 1413 1363 QUIBUS
1443 1255 1738 1346 DOGMATA
1769 1254 2103 1345 DOCTRINAE

807 1403 1192 1492 CHRISTIANAE
1221 1403 1513 1491 EXPOSUIT.

908 1597 934 1680 l.
989 1611 1094 1683 LOCl
1119 1610 1408 1683 I'HEOLOGICI.

402 1798 616 1876 Prolsgomena
636 1798 786 1876 generalia
830 1844 2034 1861 .......................
2149 1802 2164 1857 1

386 1972 423 2030 Δ.
467 1970 594 2030 Prima
614 1969 846 2028 adumbratio
866 1968 1033 2031 locorum
1050 1970 1355 2048 theologicorum
1382 1969 1427 2027 ab
1448 1969 1531 2047 ipso
1551 1976 1707 2029 anctore
1726 1987 1798 2029 non
1821 1968 1930 2031 edita.

445 2140 661 2221 Prolegomena
682 2141 823 2218 specialia
884 2187 2038 2205 ......................
2150 2148 2169 2206 3

291 2265 294 2269 -
402 2225 754 2303 Lucubratiuncula
775 2227 869 2288 Phil
893 2227 1163 2288 Meleeodico
1183 2228 1246 2288 Me.
1268 2227 1371 2287 edita
1429 2274 1436 2289 .
1483 2274 1491 2288 .
1538 2273 1544 2288 .
1592 2273 1599 2289 .
1640 2270 1643 2277 ,
1646 2273 2038 2291 ........
2129 2235 2167 2291 11

446 2313 661 2389 Prolegomena
683 2312 822 2391 specialia
883 2359 2038 2377 ......................
2128 2318 2169 2377 49

403 2398 642 2477 Theologica
668 2400 865 2458 institutio
886 2398 982 2459 Phil.
1011 2399 1091 2458 Mel.
1113 2400 1151 2459 in
1173 2398 1374 2477 epistolam
1397 2395 1573 2457 Pauli’ad
1593 2395 1780 2459 Romanos
1806 2418 1825 2459 a
1850 2396 1996 2460 Kohlio
2023 2419 2042 2460 e

491 2486 625 2545 codice
645 2485 708 2546 his.
731 2504 757 2546 a.
786 2485 892 2545 1752.
911 2487 1066 2562 primum
1089 2486 1193 2544 edita
1215 2531 2040 2550 ................
2128 2489 2169 2550 49

421 2656 459 2719 Β.
501 2657 629 2716 Prima
650 2664 754 2716 aetas
775 2656 942 2715 locorum
963 2655 1262 2733 theologicorum
1282 2655 1325 2715 ab
1346 2655 1428 2732 ipso
1450 2654 1691 2715 Melanthone
1713 2657 1906 2718 editorum.

448 2810 666 2887 Prolegomena
686 2810 828 2887 specialia
884 2856 2038 2877 ......................
2129 2815 2170 2875 59

405 2895 495 2955 Phil
517 2897 597 2955 hlei
618 2894 707 2955 Loci
728 2914 939 2956 communes
961 2914 1080 2958 rerum
1102 2897 1410 2976 theologicarum
1427 2911 1491 2955 seu
1513 2894 1782 2975 Hypotyposos
1801 2895 2042 2977 theologicae
2128 2900 2170 2961 81

447 2981 584 3061 Epistola
601 2983 814 3060 nuncupatoria
835 2983 874 3042 ad
893 2982 1219 3044 ittam.P10ttenerum
1269 3028 2039 3052 ...............
2128 2987 2170 3048 81

447 3067 524 3128 Loci
545 3085 715 3128 communes
737 3086 789 3128 seu
806 3068 1017 3149 Hypotyposes
1039 3070 1225 3147 theologicae
1270 3110 2038 3136 ...............
2130 3073 2172 3133 83

450 3155 620 3233 Appendixe
642 3155 789 3215 Themata
806 3155 884 3216 Phil.
906 3156 975 3215 Met
994 3159 1032 3217 do
1053 3158 1163 3234 duplici
1184 3156 1297 3216 iustitia
1316 3155 1517 3232 regimineque
1534 3153 1682 3231 corporali
1700 3163 1730 3213 et
1750 3157 1897 3235 spirituali
1913 3182 1926 3222 ·.
1974 3207 1981 3222 .
2029 3207 2036 3222 .
2105 3158 2171 3220 227

397 3320 432 3385 0.
476 3322 647 3387 Secunda
669 3336 772 3387 aetas
794 3326 960 3389 locorum
980 3329 1289 3407 theologicorum
1308 3326 1453 3405 abipso
1475 3324 1725 3386 Melanthone
1745 3328 1934 3391 editorum.

448 3496 662 3576 Prolegomena
683 3498 822 3577 specialia
884 3546 1764 3564 .................
1809 3547 1818 3578 ,
1865 3550 1873 3564 .
1919 3548 1927 3564 .
1974 3551 1981 3564 .
2029 3550 2036 3565 .
2106 3500 2171 3564 229
2235 3578 2238 3585 Ι

406 3580 588 3644 Locorum
618 3586 862 3644 communium
889 3607 908 3644 a
933 3587 1174 3648 Melanthono
1197 3607 1223 3645 a.
1247 3586 1355 3646 1533.
1384 3585 1657 3664 praeelectorum
1679 3585 1890 3664 fragmenta
1911 3606 1955 3648 ex
1978 3588 2041 3651 hle.

492 3669 732 3749 Bugenhagii
752 3671 951 3730 Pomerani
970 3692 1065 3732 nunc
1085 3674 1240 3750 primum
1261 3672 1365 3730 edita
1385 3713 2042 3739 .............
2110 3675 2171 3736 253

405 3753 499 3816 Ιιοοί
531 3775 743 3817 communes
775 3757 984 3836 theologici
1015 3777 1151 3818 recens
1179 3758 1338 3819 collecti
1365 3765 1401 3817 et
1423 3756 1613 3834 recogniti
1641 3775 1661 3815 a
1684 3757 1779 3818 Phil.
1801 3760 2043 3823 Melanthone
2108 3763 2165 3822 331

447 3841 663 3919 Prolegomena
732 3884 2037 3912 .........................
2108 3849 2168 3909 331

447 3927 583 4005 Epistola
603 3928 817 4005 nuncupatoria
836 3927 906 3989 Mel.
928 3930 966 3987 ad
985 3928 1148 3989 Henricum
1168 3929 1255 3990 VIII.
1279 3929 1407 4008 Angliae
1428 3926 1541 4007 Regem
1598 3973 2040 3997 .........
2109 3936 2169 3995 333

448 4012 584 4090 Epistola
604 4013 673 4072 Mel.
696 4014 734 4071 ad
756 4013 821 4091 pios
843 4021 873 4071 et
892 4015 1041 4076 studiosos
1063 4016 1255 4077 scholasticos
1274 4059 2043 4084 ...............
2108 4022 2167 4081 041

447 4097 523 4157 Loci
545 4118 713 4161 communes
734 4099 892 4177 theologici
943 4145 2040 4169 .....................
2108 4107 2170 4167 347

449 4184 594 4244 Postiatio
618 4229 2038 4254 ...........................
2107 4194 2170 4255 550

401 4353 440 4414 D.
485 4354 614 4416 Tertia
636 4365 741 4415 aetas
763 4357 929 4417 locorum
951 4359 1256 4437 theologicorum
1279 4357 1323 4416 ab
1346 4358 1431 4434 ipso
1454 4355 1696 4416 Melanthone
1718 4360 1913 4423 editorum.

448 4527 664 4605 Prolegomena
684 4529 823 4605 specialia
835 4575 2038 4599 .......................
2107 4537 2165 4596 561
2207 4528 2217 4534 ’

404 4613 493 4673 Looi
525 4615 719 4691 praecipui
752 4615 961 4692 theologici
994 4634 1093 4674 nunc
1126 4617 1351 4675 denuocnra
1376 4626 1412 4673 et
1433 4612 1648 4694 diligentia
1672 4635 1810 4678 summa
1835 4623 2039 4700 recogniti,

383 4692 391 4715 ’
491 4699 696 4777 multisque
718 4701 754 4758 in
777 4700 875 4760 locis
893 4703 1047 4779 copiose
1064 4700 1245 4762 illustrati
1268 4720 1330 4780 per
1352 4701 1447 4765 Phil.
1471 4703 1751 4766 Melanthonem
1813 4754 2037 4770 .....
2105 4708 2164 4767 601

448 4785 585 4863 Epistola
604 4787 673 4846 Mel.
696 4788 734 4846 ad
756 4788 837 4865 pium
855 4787 994 4847 lectorem
1056 4835 1062 4849 .
1109 4836 1117 4850 .
1164 4835 1171 4850 .
1220 4805 1226 4818 ·
1273 4830 2038 4855 ..............
2106 4794 2162 4852 601

449 4871 524 4931 Loci
547 4873 704 4951 theologici
723 4874 836 4932 collecti
857 4892 875 4929 a
897 4872 975 4935 Phil.
996 4872 1184 4933 Melanthone
1212 4914 2036 4942 ................
2105 4879 2167 4939 603

449 4959 609 5035 Appendix
630 4957 654 5018 Ι.
700 4958 747 5016 De
769 4958 908 5035 coniugio
943 5005 1166 5021 .....
1201 4954 1205 4959 ’
1214 5001 2036 5027 ................
2084 4966 2162 5024 1051

451 5045 611 5121 Appendix
634 5043 674 5104 II.
718 5042 914 5105 Definitiones
933 5044 1089 5104 multarum
1111 5043 1351 5122 appellationum,
1374 5062 1496 5122 quarum
1517 5046 1549 5104 in
1572 5046 1706 5108 Ecclesia
1727 5062 1797 5106 usus
1818 5056 1864 5106 est
1919 5099 1926 5112 .
1974 5098 1981 5112 .
2028 5100 2034 5112 .
2085 5052 2165 5111 1015

451 5130 663 5207 Appendicala.
707 5128 754 5189 De
776 5129 923 5190 habitibus
943 5177 2035 5198 .....................
2083 5138 2163 5197 1101
