4590 5588
1096 1144 1149 1280 ι.

135 1382 567 1517 manns
616 1382 904 1519 ιιιιιι
960 1384 1372 1570 PHILIPPI
1420 1382 2112 1524 Μιιιιιιιιοιιιι
2221 1466 2224 1471 ·

1670 1723 1830 1793 ,ι’

956 1980 1116 2047 ΔΝΝΟ
1163 1982 1289 2049 1497.

108 2126 164 2213 D·
197 2156 246 2221 lb.
270 2156 358 2229 Faber.
382 2159 484 2219 minut
509 2158 528 2217 6
554 2165 622 2237 pom
645 2157 748 2216 horam
772 2158 1005 2235 pomeridianam
1027 2158 1157 2217 nascitur
1186 2157 1385 2236 Philippus
1416 2155 1658 2220 Schwaraerd
1683 2162 1714 2220 in
1737 2160 1850 2240 oppido
1879 2160 2062 2221 Palatinam
2088 2156 2145 2223 ad*

111 2244 250 2306 Rhasum
272 2242 443 2318 Bretten,
467 2251 552 2323 patre
576 2241 745 2321 Georgio
768 2241 976 2317 Schwaraerd,
995 2261 1142 2303 armorum
1160 2245 1300 2321 magistro
1317 2245 1465 2322 Principis
1487 2245 1617 2306 Palatini
1638 2246 1800 2321 Electoris,
1826 2258 1918 2307 matre
1942 2240 2137 2321 Barbara,

111 2332 178 2392 clia
197 2331 288 2392 ioan
296 2333 353 2390 nis
376 2330 580 2400 Reutheri,
599 2330 650 2408 qui
667 2339 696 2388 et
712 2329 914 2408 praefecturae
933 2329 1034 2407 oppidi
1052 2348 1171 2388 munere
1194 2349 1246 2407 per
1264 2329 1377 2409 aliquot
1393 2350 1486 2391 annos
1504 2328 1622 2391 iunctus
1646 2344 1761 2393 est-
1778 2328 1887 2392 Scribit
1911 2330 2069 2412 Philippus
2091 2330 2124 2392 ιιι

112 2418 240 2496 epistola
264 2419 301 2477 ad
326 2418 530 2477 Matthesinm:
556 2426 644 2492 ,ente
666 2416 822 2492 sexaginta
847 2434 940 2474 uanos
967 2434 1049 2477 meus
1073 2425 1156 2494 pater
1178 2416 1249 2475 mihi
1274 2417 1400 2476 ιιιιιιίιι
1423 2420 1566 2496 γενέθλια
1588 2420 1702 2479 curavit
1724 2419 1888 2478 aPalatini
1910 2419 2127 2493 Mathematico,

112 2505 178 2564 siro
196 2505 368 2582 ingenioso,
391 2503 592 2577 Hasfurto,
615 2503 709 2561 amico
727 2521 791 2561 suc.
836 2503 870 2560 In
896 2522 931 2560 ea
950 2503 1154 2579 praedictione
1178 2503 1286 2562 diserte
1307 2504 1447 2582 seriptum
1466 2514 1528 2578 est,
1550 2506 1657 2564 itinera
1680 2525 1727 2564 me
1750 2507 1788 2564 ad
1813 2505 1938 2564 Boream
1957 2498 2143 2606 periculon'

110 2590 281 2651 habiturum
305 2607 385 2664 esse,
409 2598 439 2649 et
461 2608 508 2647 me
532 2590 563 2648 in
587 2590 660 2648 mari
688 2588 804 2649 Baltico
826 2588 1013 2666 naufragium
1039 2605 1104 2649 esse
1124 2589 1277 2649 facturum.
1320 2587 1418 2668 Saepe
1445 2593 1568 2650 miratus
1594 2610 1674 2665 sum,
1698 2611 1751 2651 cur
1773 2591 1844 2651 mihi
1861 2600 1932 2651 nato
1953 2593 1985 2650 in
2002 2591 2127 2651 collibus

110 2674 221 2738 Bbenc
237 2677 343 2737 vicinis
360 2675 542 2756 praedixerit
558 2674 714 2754 pericula
704 2694 736 2734 sn
755 2678 867 2734 Arctoo
885 2673 1014 2735 Oceano.
1058 2674 1126 2735 Nec
1144 2676 1223 2736 volui
1246 2694 1282 2736 oc
1305 2678 1449 2737 accedere
1474 2687 1596 2738 vocatus
1621 2680 1653 2737 in
1676 2677 1861 2787 Britanniam
1883 2687 1913 2737 et
1932 2679 1965 2738 in
1987 2677 2127 2738 Daciam.

109 2763 228 2887 Ιιιιο
234 2773 333 2871 tameo
350 2763 421 2867 fata,
440 2763 555 2877 edumei
573 2781 633 2820 non
651 2780 717 2822 snm
734 2758 881 2823 Stoicus.⁸
1976 2796 1978 2801 ·
2134 2788 2137 2795 ·

956 2980 1114 3046 ΛΝΝΟ
1157 2981 1283 3047 1507.

268 3140 309 3201 D.
328 3141 379 3200 27.
398 3137 464 3199 Oct.
483 3140 607 3199 moritur
623 3150 706 3217 pstor
724 3139 856 3219 Philippi
874 3159 910 3197 ca
927 3139 964 3198 de
982 3156 1080 3213 cama,
1099 3147 1131 3198 ut
1147 3137 1311 3214 ferebatur,
1330 3142 1410 3218 quod
1427 3162 1455 3200 a
1478 3144 1569 3202 1504.
1589 3141 1768 3215 lionhemii,
1786 3143 1837 3202 ubi
1861 3162 1943 3202 arma
1960 3144 1999 3202 sd
2020 3142 2130 3203 bellum

110 3228 255 3308 parabat,
276 3246 314 3286 ex
330 3236 422 3305 puteo
440 3245 553 3285 veneno
569 3227 680 3285 infecto
698 3226 828 3286 bibisset
873 3224 1005 3304 Reliquit
1022 3221 1188 3311 Georgius,
1211 3234 1327 3303 praeter
1344 3227 1530 3306 Philippum,
1553 3229 1646 3287 lilium
1670 3226 1887 3309 Georgium,
1912 3229 2053 3308 Philippo
2077 3231 2130 3289 mi·
2177 3291 2180 3297 ,

110 3333 216 3374 nerem
238 3314 323 3373 annis
339 3331 401 3372 non
417 3330 538 3392 prorsus
555 3321 699 3391 quatuor,
724 3322 754 3371 et
771 3321 831 3371 tres
854 3311 947 3386 filias,
977 3329 1052 3389 quos
1080 3321 1165 3392 patre
1181 3313 1301 3374 orbatos
1318 3333 1391 3373 arus
1413 3315 1577 3375 loannes
1602 3314 1789 3388 Reuther,
1814 3317 1865 3393 qui
1889 3316 1992 3375 wdem
2014 3333 2131 3394 quoque

112 3418 196 3461 anno
218 3401 302 3473 obiit,
319 3399 398 3478 apud
416 3416 449 3458 se
467 3401 586 3459 ιιιιιιιιι
606 3399 707 3465 voluit.
1306 3414 1310 3433 ·

333 3646 350 3687 ι-
398 3574 401 3579 ’
546 3682 549 3687 ,
590 3688 595 3700 ,
959 3618 1118 3685 suso
1162 3619 1288 3688 reos.

273 3756 391 3855 ,Quum
407 3779 437 3837 iu
455 3779 555 3839 ludum
575 3778 722 3856 publicum
740 3776 927 3839 mitterentur
945 3779 1029 3855 pueri
1046 3778 1089 3837 illi
1106 3778 1212 3837 iratres
1228 3781 1325 3857 coepit
1349 3787 1410 3837 tum
1428 3778 1492 3836 lues
1509 3777 1597 3838 foeia
1620 3781 1728 3858 passim
1752 3781 1886 3839 homines
1898 3774 1901 3779 “
1914 3778 1944 3853 in
1967 3736 2134 3865 (luminii

111 3869 243 3947 primum
261 3867 418 3937 invadere,
438 3874 468 3925 et
488 3868 626 3924 miserum
650 3866 680 3924 in
698 3866 817 3924 modum
842 3885 901 3924 non
926 3863 1023 3925 solum
1049 3864 1263 3937 excruciando,
1285 3865 1337 3924 sed
1362 3864 1543 3938 mutilando,
1568 3876 1596 3923 et
1620 3866 1752 3925 mambra
1777 3864 1963 3943 depascendo
1989 3862 2135 3943 affligere,

113 3973 205 4031 quam
228 3950 448 4031 Hispanicum
478 3951 628 4023 nonnulli,
653 3952 785 4030 plerique
811 3949 972 4013 Gallicam
1002 3951 1201 4010 nominabant.
1253 3949 1320 4025 Quo
1349 3953 1428 4009 malo
1461 3969 1550 4028 quum
1579 3952 1752 4030 Magistrum
1784 3952 1846 4010 ludi
1876 3969 1949 4011 avus
1976 3971 2134 4030 puerorum

113 4048 268 4103 maternus
293 4038 429 4097 laborare
453 4039 635 4110 rescivisset,
660 4040 864 4116 contagionem
889 4047 1039 4108 manens,
1061 4046 1185 4115 nepotes
1201 4038 1282 4097 domi
1306 4039 1384 4116 apud
1410 4055 1442 4096 ee
1465 4038 1635 4097 retinendos
1659 4039 1772 4099 duxit.“
1819 4033 1983 4115 (Gamerae.
2007 4041 2039 4097 in
2065 4038 2136 4096 Vita
2222 4034 2225 4039 ’

114 4127 186 4189 uel
205 4146 235 4205 p.
255 4126 300 4202 6.)
343 4124 554 4202 Praeceptores
576 4124 679 4183 habuit
701 4144 780 4183 nunc
808 4126 984 4183 Ioannem
1013 4122 1227 4202 Hungarum
1251 4132 1281 4183 et
1305 4121 1505 4202 Georgium
1528 4121 1739 4198 Simlerum,
1768 4125 1846 4184 ludis
1870 4123 2047 4184 Phorcensis
2072 4124 2134 4183 Ma·

114 4216 251 4293 gistrum.
303 4210 351 4271 Dc
374 4210 519 4287 Hungaro
542 4215 673 4295 (mortuo
696 4230 774 4270 anno
805 4212 910 4285 1553.)
934 4210 1136 4269 Melanthea
1127 4228 1157 4268 m
1176 4209 1325 4287 Explicat.
1345 4211 1489 4288 Evangel.
1514 4207 1603 4271 Dom.
1628 4230 1657 4289 p.
1683 4213 1755 4272 804.
1778 4210 1814 4270 Ρ.
1835 4208 1891 4269 111.
1914 4210 1989 4269 haec
2011 4218 2135 4270 testatus

116 4299 283 4401 accudere
300 4296 389 4356 hebui
407 4306 642 4389 praeceptorem,
661 4299 713 4374 qui
731 4297 786 4355 fuit
803 4296 953 4356 dxccllens
970 4297 1249 4374 grammaticua-
1206 4296 1323 4354 -Ille
1339 4297 1440 4376 adegit
1459 4317 1507 4356 me
1530 4298 1568 4356 ad
1587 4295 1836 4370 Grammaticam,
1861 4298 1949 4356 etita
1958 4294 2079 4375 adegit,
2102 4304 2137 4355 ut

117 4386 354 4448 coustrnctionee
375 4374 518 4444 ιιιιιιιὶιι
543 4384 672 4461 cogebar
688 4384 812 4443 reddere
829 4383 949 4461 regulae
967 4384 1193 4443 constructionis
1210 4402 1263 4460 per
1281 4401 1382 4443 rerem
1400 4384 1555 4442 Mantuani
1574 4385 1615 4443 ιθ
1633 4390 1685 4443 ιιι
1703 4387 1754 4443 30.
1800 4341 1891 4442 Nihil
1904 4384 2069 4460 pniebatar
2087 4402 2136 4442 me

117 4472 275 4541 amittae,
292 4473 408 4548 quoties
430 4473 562 4530 errabam
580 4471 669 4530 dabat
687 4469 789 4549 plegae
808 4471 889 4543 mihi,
908 4479 937 4528 ιι
954 4477 1052 4528 tamen
1072 4489 1107 4528 ea
1122 4469 1332 4543 moderatione,
1350 4489 1426 4548 quae
1444 4477 1508 4528 erat
1525 4471 1715 4531 conveniens.
1760 4470 1807 4529 Ita
1829 4488 1877 4528 me
1892 4469 1963 4528 iecit
1978 4467 2136 4561 Gramma·

118 4560 222 4621 deun.
264 4558 383 4617 Erat
356 4576 401 4616 ιιι
417 4559 556 4636 optimus,
574 4558 677 4617 dilexit
694 4576 741 4616 me
759 4565 792 4616 ut
808 4557 910 4630 lilium,
928 4564 959 4614 et
975 4573 1031 4632 ego
1049 4575 1115 4614 eum
1133 4563 1165 4614 ut
1182 4560 1323 4634 patrem.“

274 4641 322 4703 De
341 4644 439 4717 indole
457 4655 486 4702 et
511 4645 615 4703 studiis
641 4644 772 4721 Philippi
797 4643 852 4701 hoc
875 4644 1007 4720 tempoie
1031 4639 1248 4701 Camerarius
1239 4662 1270 4701 sn
1294 4642 1355 4701 vita
1378 4642 1578 4708 Melanthonis
1601 4643 1687 4701 haec:
1716 4641 1865 4717 ,Eminuit
1888 4643 1987 4702 statim
2010 4645 2042 4702 in
2064 4640 2153 4703 Pae·

118 4733 204 4813 lippo
221 4732 425 4810 praestantia
416 4731 537 4809 ingenii,
557 4731 637 4829 quod
654 4738 685 4788 et
702 4729 837 4788 celeriter
849 4731 1029 4830 perciperet
1037 4739 1124 4806 atque
1143 4729 1403 4831 comprehenderet
1421 4746 1497 4803 quae
1519 4729 1724 4802 tradebantur,
1747 4736 1777 4787 et
1793 4729 1919 4814 fideliter
1941 4729 2134 4828 meminisset,

118 4829 150 4880 et
166 4817 280 4897 liquido
298 4834 447 4896 exponere
464 4817 516 4875 illa
533 4816 631 4875 sciret.
675 4814 776 4893 thue
793 4816 855 4874 fit
847 4836 877 4875 ru
895 4816 1047 4894 generosis
1070 4816 1191 4887 animis,
1215 4816 1246 4873 in
1272 4815 1375 4893 puerili
1397 4824 1459 4873 tum
1483 4815 1570 4874 etiam
1596 4825 1691 4875 aetate
1716 4808 1874 4874 admodum
1897 4817 2049 4892 quiescere
2074 4834 2134 4874 non

119 4911 256 4985 poterat,
272 4903 325 4962 sed
342 4905 499 4982 quaerebat
520 4902 628 4980 ubique
645 4903 783 4979 aliquem,
802 4922 868 4961 cum
886 4921 945 4979 quo
962 4903 1000 4961 de
1017 4902 1127 4977 auditis
1142 4903 1313 5002 disputaret.
1358 4902 1405 4960 Ida
1428 4910 1511 4960 eraut
1528 4903 1665 4961 nimirum
1689 4912 1848 4980 praecepta
1871 4903 1944 4961 artis
1967 4903 2137 4980 grammati·
2215 4901 2220 4913 '

120 5009 176 5052 esc
193 4999 224 5049 et
239 4990 325 5048 initia
341 4991 485 5049 sermonis
502 4990 658 5049 latini-
676 4987 849 5048 Ferventior
865 4989 1068 5066 incitatiorque
1091 4991 1122 5049 in
1140 5010 1176 5049 co
1194 4990 1309 5048 animus
1325 4989 1447 5048 immitis
1465 4999 1517 5046 aut
1540 5006 1647 5048 saevus
1672 5008 1732 5053 non
1755 4989 1825 5060 fuit,
1851 5007 1974 5066 cumque
1998 4999 2076 5049 esset
2097 4990 2137 5048 ad

119 5075 305 5139 wan
322 5078 453 5154 punior,
471 5076 546 5135 nihil
566 5085 676 5135 tamen
689 5075 759 5134 iecit
780 5088 910 5152 unquam
933 5085 1113 5149 commuue,
1135 5077 1214 5152 quod
1236 5076 1382 5153 insignem
1406 5074 1527 5134 haberet
1549 5074 1784 5146 deformitatem,
1808 5084 1864 5135 ιιι
1876 5076 1996 5135 omniuo
2015 5093 2144 5152 magno·

330 5209 478 5253 amare.
498 5209 580 5252 orsa
600 5203 784 5252 romum.
1771 5261 1775 5264 ,
1906 5197 1930 5244 Δ
