4590 5588
59 3843 61 3846 ’
147 3830 197 3892 04
213 3832 405 3910 abrogatione
425 3831 500 3910 legia
522 3833 594 3892 473.

144 1126 447 1263 nanus
465 896 1221 1263 44444444444414
1245 1124 1363 1258 nr
1396 1004 2187 1260 commorunt

676 1315 919 1449 44444.
956 1311 1644 1450 miraracula.

978 1629 1336 1643 *n-——m

146 1861 374 1942 Propoaitiones
395 1861 623 1937 complectentes
648 1861 825 1940 praecipuos
844 1859 996 1920 444144144
1022 1860 1131 1920 644441·

138 2006 141 2011 .
191 1966 248 2006 444
271 1945 415 2006 coelestis.
449 1945 702 2020 4444414499.

147 2030 196 2093 04
218 2042 341 2110 peccato
363 2031 487 2110 originis
508 2033 580 2094 437.

146 2113 196 2178 04
219 2118 553 2196 44444414444414499.

27 2226 31 2237 ·
146 2200 196 2263 04
217 2212 339 2280 peccato
360 2204 507 2282 reliquo
498 2222 530 2261 44
551 2203 663 2262 4444414
684 2204 756 2263 441.

145 2287 196 2349 04
216 2289 384 2349 discrimine
404 2289 518 2368 peccati
539 2289 692 2389 originalis
714 2296 744 2347 et
764 2288 887 2348 actualis
908 2288 979 2348 443.

144 2372 195 2437 De
216 2374 385 2435 discrimine
406 2376 514 2435 veteris
535 2384 565 2433 et
585 2376 655 2435 4441
671 2375 855 2434 Testamenti
876 2375 947 2435 444.

146 2456 195 2520 04
216 2460 283 2538 lege
305 2470 334 2520 et
355 2459 608 2521 Prumissiouibus
631 2462 705 2522 444.

109 2570 114 2575 ·
147 2543 249 2618 Quare
270 2547 330 2606 1164
352 2547 547 2606 iustitlcemur
567 2564 629 2605 non
652 2545 810 2605 dilectione
829 2546 901 2605 446.
1010 2548 1014 2560 ’

146 2628 196 2693 04
217 2633 359 2704 4441414441
380 2633 577 2692 humanarum
600 2631 788 2708 opinionum,
810 2639 839 2690 et
860 2646 948 2690 verae
968 2628 1131 2690 4444444144

191 2719 229 2777 64
246 2718 452 2778 iustificatione
471 2718 544 2780 449.

38 2824 46 2843 =·
146 2800 196 2863 De
218 2804 365 2863 sententia
385 2804 472 2863 dicti:
489 2802 565 2861 Fide
586 2802 779 2862 iustificamur
801 2802 874 2865 459.

147 2886 197 2948 04
218 2888 386 2948 exclusiva.
408 2887 480 2950 Sola
499 2888 558 2948 fide
579 2896 631 2948 etc
653 2889 726 2951 455.
1117 2953 1120 2959 ,

146 2968 398 3122 ggnffioatiioggs
428 2975 592 3037 sententiae
614 2973 714 3033 Ρ4411·
741 2972 816 3034 Fide
844 2973 1035 3035 iustificamur
1057 2972 1130 3034 458.

49 3214 55 3226 ,
146 3143 197 3206 04
218 3146 368 3206 sententia
390 3155 419 3204 et
440 3144 709 3207 confirmationibus
730 3120 818 3206 Pauli
835 3147 907 3207 460.

146 3229 195 3293 04
228 3230 442 3294 iustificatione
465 3233 551 3306 11641,
590 3242 620 3292 44
645 3233 757 3293 14441414
790 3230 865 3312 legis
892 3249 945 3294 seu
972 3232 1132 3293 universali

145 3317 379 3464 111546841444444
400 3403 613 3463 dubitationem
637 3404 709 3466 464.

21 3510 25 3520 ’
145 3487 195 3549 04
213 3487 287 3548 Fide
308 3489 381 3551 466

147 3573 196 3635 04
218 3575 386 3635 61444144144
408 3575 633 3652 promissionum
656 3571 747 3652 Legis
769 3582 800 3633 et
817 3574 974 3654 Evangelii
996 3577 1069 3638 466.

146 3658 196 3720 04
222 3661 390 3739 discrimine¹
419 3661 526 3720 4444414
559 3669 590 3720 44
616 3660 686 3720 4441
712 3660 909 3736 Testamenti,
941 3662 1037 3742 deque
1056 3661 1131 3741 legis

191 3746 383 3825 abrogatione
406 3746 478 3808 469.
766 3776 768 3780 ·

148 3916 197 3977 04
217 3918 354 3978 libertate
375 3917 544 3979 Christiana
566 3919 639 3979 474.

147 4001 197 4063 04
217 4022 273 4065 444
294 4004 438 4064 libertatis
458 4004 490 4062 in
512 3998 628 4085 41644φὸ
635 4014 692 4076 'osc
709 4011 739 4063 et
754 4003 895 4063 scandalo
917 4004 990 4066 477.

81 4147 87 4159 .
147 4087 197 4149 04
217 4091 295 4149 61444
316 4090 396 4150 Ρ4441
418 4091 522 4148 Actor.
547 4091 613 4152 154
667 4109 741 4168 eque
761 4108 816 4151 nos
837 4108 932 4167 neque
953 4098 1053 4168 patres
1075 4098 1129 4149 etc.

148 4259 197 4320 04
218 4260 377 4321 sententia:
399 4259 482 4321 Iusto
503 4280 563 4320 non
585 4271 632 4321 est
650 4262 701 4320 lex
721 4263 818 4339 posita
840 4263 912 4323 479.

148 4343 197 4407 04
219 4347 378 4406 sententia:
401 4346 485 4406 Deus
506 4347 686 4407 4414444444
707 4348 841 4408 homines
860 4346 958 4408 salvos
975 4348 1038 4406 11441
1058 4348 1130 4409 480.

149 4429 198 4492 04
218 4431 353 4492 Ecclesia
375 4432 448 4493 481.

148 4518 199 4579 04
227 4517 384 4579 autoritate
411 4515 579 4591 Ecclesiae,
608 4526 638 4576 et
667 4519 703 4577 de
727 4519 805 4578 dicto
827 4519 1001 4598 Augustini:
1034 4517 1132 4577 Evan-

110 4634 116 4641 ·
193 4603 272 4683 gelio
294 4622 354 4662 444
375 4602 523 4662 crederem
541 4611 595 4663 etc.
616 4604 688 4666 489.

151 4690 198 4751 04
222 4708 292 4750 4444
313 4699 343 4749 44
363 4691 432 4749 11444
449 4688 596 4762 Ecclesia,
618 4698 650 4748 et
671 4690 707 4749 de
728 4689 831 4751 eodem
853 4690 932 4749 dicto
955 4689 1132 4768 Augustini:

62 4846 69 4858 .
194 4776 359 4853 Evangelio
379 4795 439 4834 444
462 4775 608 4834 crederem
629 4784 684 4836 etc.
706 4777 778 4838 484.

151 4860 199 4921 04
222 4862 389 4922 obedientia
412 4868 442 4919 et
463 4879 607 4922 consensu
627 4862 782 4921 Ecclesiae
804 4861 876 4920 488.

152 4947 198 5006 04
217 4949 319 5026 politia
329 4947 484 5006 Ecclesiae
501 4965 553 5006 seu
570 4949 732 5008 ministerio
750 4955 780 5006 et
796 4946 1028 5008 ordinationibus
1040 4947 1113 5009 489.

1182 1855 1231 1919 04
1252 1860 1394 1918 ministris
1416 1855 1671 1920 decrementorum
1695 1862 1768 1922 491.

1182 1944 1231 2005 04
1252 1953 1398 2046 potestate
1419 1943 1553 2005 Clarium
1574 1954 1605 2005 et
1624 1946 1829 2007 Absolutiouis
1851 1946 1924 2009 499.

1182 2029 1262 2090 04·
1253 2050 1316 2090 4444
1338 2031 1543 2092 Absolutiouis
1566 2033 1638 2095 493.

1183 2115 1231 2176 De
1251 2118 1404 2177 Potestate
1425 2117 1624 2178 ecclesiastica
1645 2119 1718 2180 494.

1183 2200 1231 2261 Dc
1252 2199 1380 2280 Synodis
1397 2204 1476 2280 quod
1502 2204 1632 2281 cognitio
1660 2205 1697 2263 64
1719 2205 1853 2265 doctina
1879 2204 2025 2282 pertineat
2051 2204 2091 2264 46
2115 2205 2168 2269 de

1225 2288 1318 2349 lectos
1334 2289 1400 2365 pios
1417 2299 1446 2349 et
1462 2290 1576 2364 doctos,
1593 2299 1656 2349 tum
1676 2285 1864 2364 Sacerdotes,
1884 2299 1946 2350 tum
1962 2288 2069 2351 1441444
2091 2291 2165 2355 495.

1183 2372 1231 2433 04
1251 2374 1488 2435 traditionibua'
1478 2395 1511 2434 44
1531 2375 1668 2436 Ecclesia
1690 2376 1761 2438 497.

1182 2458 1231 2519 04
1252 2459 1471 2519 Traditionibus
1494 2461 1567 2523 499.

1183 2543 1230 2603 04
1247 2546 1401 2622 Baptismo
1423 2546 1496 2607 500.

1183 2628 1231 2688 04
1252 2627 1353 2688 Coena
1374 2628 1497 2689 Domini
1519 2632 1592 2693 500.

1183 2714 1232 2790 04
1252 2712 1424 2776 8444464414
1447 2725 1476 2774 et
1497 2717 1641 2781 sacrificio
1664 2718 1736 2779 501.

1181 2797 1231 2859 04
1252 2801 1355 2860 eodem
1377 2810 1406 2859 44
1426 2803 1582 2879 speciebus
1604 2801 1743 2863 4444111411
1765 2802 1837 2864 501.

1182 2885 1232 2947 04
1253 2885 1441 2946 Paenitentia
1460 2886 1610 2967 lapsorum
1634 2889 1707 2952 504.

1182 2971 1231 3032 04
1252 2971 1438 3031 Poenitentia
1460 2980 1490 3032 44
1510 2971 1768 3041 satisfactionibus
1791 2975 1862 3036 505.

1182 3057 1231 3118 04
1251 3057 1383 3135 partibus
1402 3059 1607 3121 Poenitentiac
1629 3062 1701 3125 506.

1183 3141 1306 3205 Summa
1328 3145 1480 3204 doctrinae
1501 3147 1539 3206 64
1560 3146 1762 3209 Ρ4441444414
1768 3147 1840 3208 507.

1182 3228 1230 3291 04
1250 3230 1383 3309 partibus
1404 3230 1617 3309 Paenitentiae,
1636 3243 1665 3294 et
1686 3235 1723 3293 de
1744 3182 2164 3301 61444141448441414441444414

1225 3324 1255 3376 44
1272 3335 1432 3393 poenarum
1456 3319 1528 3381 510.
2236 3332 2244 3341 ·

1182 3401 1230 3462 04
1251 3399 1681 3550 61444ἰωίἓῗ3844141444144444
1700 3412 1729 3463 44
1749 3421 1911 3484 poenarum
1929 3403 2099 3527 divinitus
2089 3420 2165 3483 4444-

1224 3497 1356 3565 gatarum

1181 3572 1230 3633 04
1251 3573 1413 3634 Exercitiis
1434 3575 1639 3653 corporalibus
1659 3565 1776 3651 piorum
1798 3576 1871 3637 514.

1181 3658 1228 3718 04
1261 3657 1382 3719 14441414
1412 3660 1523 3720 4444411
1556 3668 1587 3720 44
1617 3660 1711 3735 414114,
1751 3679 1798 3720 aa
1818 3661 1856 3719 de
1883 3658 1988 3729 effectu
2014 3658 2105 3740 Lagis
2132 3670 2164 3721 st

1167 3744 1379 3825 Evangelii
1402 3746 1474 3807 516.

1099 3895 1104 3903 ,
1181 3830 1229 3890 04
1251 3828 1471 3891 [notificatione.
1510 3830 1609 3905 Quare
1629 3831 1999 3905 6644414144416444444,
2021 3852 2080 3893 non
2102 3831 2164 3892 fide

1224 3925 1253 3976 et
1274 3916 1413 3998 operibus
1432 3916 1519 3977 simul
1543 3919 1615 3980 517.

1181 4001 1229 4061 04
1248 4002 1382 4062 Ecclesia
1398 4004 1471 4065 519.
1627 4030 1630 4036 ’

1182 4088 1230 4148 04
1250 4088 1457 4148 traditionibus
1477 4088 1614 4149 humanis
1637 4089 1708 4153 590.

1182 4174 1231 4235 04
1251 4173 1436 4234 Ρο441444414
1454 4175 1527 4236 590.

1181 4257 1231 4320 Da·
1252 4279 1322 4319 4444
1342 4270 1371 4320 44
1393 4269 1536 4339 perpetua
1557 4261 1692 4321 doctrina
1712 4261 1861 4322 Ecclesiae
1886 4262 1957 4323 594.

1183 4346 1233 4406 04
1252 4345 1397 4419 Ecclesia,
1421 4354 1451 4404 et
1476 4347 1614 4409 antithesi
1637 4368 1722 4408 verae
1750 4349 1899 4408 6444414444
1927 4357 1957 4405 44
1988 4345 2163 4406 Pontificius
2244 4422 2249 4432 ¹

1183 4517 1231 4577 De
1252 4516 1446 4576 Invocatione
1468 4515 1526 4575 Dei
1550 4518 1622 4581 599.

1183 4603 1231 4662 04
1251 4603 1327 4663 Fide
1350 4603 1421 4663 539.
1463 4663 1464 4666 ,

1182 4687 1231 4748 04
1250 4687 1439 4754 Matrimonia
1463 4687 1535 4750 539.

1182 4772 1230 4833 04
1251 4782 1315 4833 tota
1334 4771 1489 4850 Evangelii
1510 4774 1643 4834 doctriua
1665 4775 1736 4834 539.

1183 4860 1405 4939 Propositiones
1427 4858 1508 4918 Petri
1530 4861 1566 4918 de
1588 4859 1745 4918 Malvenda
1765 4860 1795 4919 in
1816 4859 1919 4936 colloq.
1944 4858 2058 4938 Ratisp.
2083 4879 2163 4921 anno

1230 4947 1320 5006 1546.
1344 4946 1513 5022 propositae
1536 4946 1607 5006 545.
