4590 5588
143 171 208 239 Ν
424 188 428 201 ’
928 173 968 253 1.1
996 170 1208 239 antimus
1231 169 1375 237 vireu
2086 176 2153 247 lm

144 363 214 426 Mai
275 369 304 428 8.
326 368 417 427 Mittit
432 367 546 425 initium
571 365 784 441 „mmauouis
806 365 931 443 symboli
959 362 1096 423 Niceni“.
1763 393 1766 397 ·

259 451 309 511 13.
333 452 437 515 Metuit
453 453 509 512 sibi
532 452 578 510 vel
600 469 745 511 carcerem
768 449 814 507 rel
837 450 966 510 exilium.
1010 447 1133 510 Scribit:
1169 448 1224 523 ,Iu
1246 449 1385 524 Angliam
1406 466 1498 527 saepe
1518 450 1577 509 iam
1606 461 1727 511 vocatus
1748 469 1829 523 sum,
1862 460 1891 509 st
1922 448 1982 512 etit
2015 464 2152 527 rosatum

366 540 419 599 ssd
440 555 500 597 non
518 530 597 597 volui
618 536 667 595 hic
684 537 755 595 oriri
775 535 882 595 1111111
903 534 1104 612 dissipationis
1126 551 1145 592 a
1164 552 1232 592 mea
1252 534 1435 592 timiditate.“

262 624 311 683 13.
332 620 441 683 Scribit
465 619 598 700 Georgia
620 621 781 681 Anhaltino
805 622 986 696 ,orationem
1009 619 1213 698 synodicsm“,
1235 637 1323 696 quam
1344 619 1372 676 ei
1389 619 1476 679 mittit
1496 620 1525 679 d.
1549 621 1600 681 33.
1621 620 1703 682 Maii.

263 711 310 768 lb.
331 708 478 784 Theologi
495 708 720 783 Vitsbergenses
740 707 870 766 iudicant
892 707 929 764 de
951 705 1073 763 articulo
1090 705 1122 762 in
1144 703 1244 762 libello
1266 704 1387 763 Interim
1408 705 1445 764 de
1465 705 1681 767 iustificatione.

334 792 446 853 Caesar
467 794 499 851 iu
519 792 850 867 comitiisAugustanis
864 791 954 850 tradit
975 790 1080 849 librum
1098 788 1218 847 Interim
1243 787 1404 851 Ordinibus
1426 792 1550 871 imperii.

260 879 308 938 36.
332 879 436 939 Prodit
456 879 488 936 iu
506 877 601 937 lucem
623 877 696 935 liber
719 878 849 937 Interim.
875 911 913 921 -
936 872 1121 934 Camerarius
1141 876 1247 933 iterum
1270 884 1315 935 est
1334 875 1460 953 Lipsiae.
1503 876 1674 937 Melanthon
1706 878 1862 937 multorum
1895 879 2001 939 litteris
2031 889 2150 941 vocatur

334 1000 337 1005 .
366 966 397 1023 11,
419 964 568 1040 mmm,
989 994 992 1001 .

331 1051 487 1108 Mauritius
510 1059 633 1108 exeunte
649 1048 730 1106 Maio
750 1068 768 1105 1
789 1049 913 1106 1111111111
936 1048 1015 1105 venit
1030 1046 1186 1119 Dresdam,
1207 1055 1417 1106 convocaturus
1438 1047 1549 1106 ordinis
1572 1065 1643 1107 snae
1665 1049 1794 1122 ditionis,
1817 1057 1849 1107 ut
1870 1068 1935 1109 cum
1956 1049 1994 1109 iis
2010 1050 2152 1111 deliberat

367 1136 404 1193 de
427 1134 502 1195 libro
524 1134 644 1193 Interim
666 1144 717 1192 aut
740 1134 909 1210 accipiendo
932 1142 982 1190 aut
1004 1132 1197 1208 reprobando.

144 1217 313 1280 lund-b.
331 1220 517 1297 (Melanthea
539 1220 654 1279 videtur
676 1220 767 1278 lmese
790 1220 869 1294 apud
890 1215 1054 1294 Georgium
1077 1218 1293 1293 Anhaltinnm.)

281 1308 309 1364 7.
331 1304 465 1383 Idpsiam
483 1314 603 1364 vocatur
623 1305 704 1364 iussu
726 1305 865 1376 Mauritii,
889 1311 920 1360 ut
941 1303 1117 1362 deliberetur
1133 1304 1170 1362 de
1191 1302 1266 1361 libro
1292 1302 1425 1377 Iutei'im,

141 1416 146 1425 ·
264 1393 312 1452 10.
333 1390 385 1450 110
407 1410 478 1450 mox
499 1408 565 1450 cnm
586 1388 777 1466 Pfefllngero,
797 1388 954 1466 lipsiensi,
976 1389 1050 1447 redit
1071 1388 1265 1467 Vitehergam.

263 1478 312 1536 16.
332 1475 484 1535 Prolixum
504 1476 647 1534 Iudicium
668 1475 889 1551 Theologorum
908 1474 1161 1550 Vitebergensium
1183 1482 1213 1532 et
1233 1473 1404 1550 Plellingeri
1432 1476 1469 1532 de
1491 1474 1565 1533 libro
1588 1478 1771 1553 Augustano.

264 1560 505 1621 13.·11111111111
526 1561 718 1639 apographon
740 1561 826 1619 huius
848 1559 948 1618 iudicii
969 1560 1058 1618 mittit
1080 1560 1292 1635 Moienhurgio,
1314 1554 1455 1636 Cmciger
1476 1561 1545 1618 item
1567 1558 1704 1638 Regalis,
1727 1563 1778 1636 qui
1800 1561 1877 1641 illud,
1895 1561 2065 1640 divulgavit.

260 1646 310 1705 20.
331 1646 414 1705 Idem
435 1647 575 1706 indicium
597 1648 719 1705 mittitur
737 1646 806 1704 Vito
828 1645 993 1705 Theodoro.
1091 1648 1094 1653 ’

258 1732 308 1793 12.
332 1732 544 1809 Meieuburgio,
562 1732 676 1791 consuli
696 1730 897 1800 Northusano‚
920 1729 1029 1801 scribit,
1050 1730 1119 1806 quid
1141 1729 1315 1806 Imperatori
1336 1730 1372 1788 de
1395 1729 1470 1789 libro
1490 1733 1663 1809 Argustana
1693 1732 1731 1791 ab
1761 1731 1833 1790 urbe
1861 1730 2015 1792 Northusa
2029 1750 2150 1814 raspon-

364 1818 491 1876 deudum
519 1819 565 1877 sit

259 1900 310 1963 tt.
331 1903 451 1971 Eadem,
467 1904 504 1961 de
526 1922 559 1961 re
580 1902 704 1963 consilia
724 1905 775 1961 dat
796 1901 923 1961 Nicolao
946 1900 1086 1973 hledlero,
1107 1898 1362 1979 Superinteudenti
1383 1889 1650 1962 Bruusvicensium.

259 1987 309 2047 st.
333 1988 478 2048 Iudicium
498 1990 536 2047 de
556 1989 632 2047 libro
655 1988 776 2047 Interim
797 1986 919 2046 mittitur
941 1986 1088 2046 Mauritio.

257 2073 308 2132 30.
332 2073 414 2132 Idem
441 2074 580 2133 iudicium
608 2073 786 2150 descriptum
821 2073 907 2131 mittit
928 2070 1150 2142 Buchholaero‚
1173 2072 1340 2148 praeposito
1362 2071 1554 2132 Berolinenei.
1577 2107 1619 2116 —
1643 2071 1781 2132 Haedis
1809 2075 1842 2132 lit
1870 2074 1937 2135 linis
1958 2072 2150 2135 Gomiu'orum

368 2163 616 2235 Augustianorum.
837 2188 840 2195 ·
2152 2170 2158 2181 ·

142 2242 199 2304 Iul.
278 2245 308 2303 3.
331 2240 502 2303 Conventus
519 2245 653 2305 ordinum
671 2244 805 2315 Maniae,
827 2243 865 2299 ad
887 2262 972 2319 quem
995 2243 1081 2300 etiam
1103 2242 1273 2300 Melanthou
1296 2244 1497 2318 proficiscitur.

279 2333 307 2389 li.
329 2329 475 2389 Iudicium
498 2330 645 2408 prolixum
668 2328 887 2404 Theologorum
907 2330 939 2387 11
962 2335 1106 2386 conventu
1127 2326 1275 2385 traditum.

279 2416 309 2475 8.
333 2415 530 2474 Melanthonis
551 2416 689 2492 scriptum
711 2415 748 2471 de
770 2408 975 2473 iustificatione
998 2422 1028 2469 ct
1048 2412 1188 2473 debonis
1209 2412 1353 2489 operibus.

230 2501 313 2575 (10.)
331 2499 502 2559 Melanthon
523 2501 600 2558 redit
622 2500 820 2575 Vitebergam.
1135 2526 1139 2530 ·

141 2587 220 2664 Aug
277 2588 307 2646 3.
330 2584 420 2644 Mittit
439 2586 542 2644 amicis
564 2587 676 2644 vitam
698 2583 923 2661 Hieronymi.

282 2671 311 2729 4.
334 2669 444 2729 Iterum
464 2673 496 2729 in
520 2670 658 2747 Angliam
681 2680 802 2729 vocatur
823 2688 841 2725 a
862 2664 1032 2726 cranmere.

262 2757 312 2816 10.
333 2755 478 2833 Theologi
502 2756 726 2833 Vitebergenses
746 2755 783 2813 de
805 2754 880 2813 libro
904 2757 1076 2831 Argustana
1095 2752 1227 2811 scribunt
1248 2753 1284 2811 ad
1307 2751 1478 2831 Theologos
1495 2755 1737 2832 Argentinenses.

263 2844 311 2901 13.
334 2840 377 2899 Iu
399 2840 541 2918 Agricola
557 2842 706 2900 invehitur
727 2840 760 2898 in
780 2839 1008 2898 Melanthonem.
2144 2896 2149 2901 ,

262 2926 313 2987 00.
335 2926 403 2985 1111.
425 2926 575 3003 praefatur
595 2928 627 2985 11
651 2927 858 2999 orationem
874 2924 1037 3003 Lycurgi
1062 2932 1194 2982 contra
1213 2922 1442 2983 Leocratem.
1470 2922 1671 3001 (conterenda
1688 2936 1756 2987 sunt
1775 2945 1850 3003 quae
1869 2938 1995 2989 exeunte
2011 2929 2149 3007 Angusto

367 3012 403 3069 dc
419 3011 476 3070 hoc
492 3012 593 3070 libello
611 3011 729 3088 scripsit
746 3010 960 3086 christophoro
978 3009 1157 3083 Pannonio.)

258 3098 310 3159 23.
332 3097 401 3156 Mel.
425 3110 471 3155 est
492 3099 524 3155 iu
544 3106 686 3155 conventu
709 3096 892 3172 Pegavieusi.

334 3182 369 3239 ln
390 3183 486 3241 reditu
508 3192 567 3241 tres
587 3182 651 3240 dies
673 3189 869 3241 commoratur
890 3178 1019 3256 Lipsiae.

258 3267 513 3339 3010111111111
536 3266 720 3345 Vitehergae.

261 3352 491 3412 311111111011
513 3370 567 3429 pro
588 3353 676 3410 vidua
695 3350 829 3410 Lntheri.
851 3383 890 3393 -
914 3348 1054 3427 Cruciger
1075 3347 1239 3425 periculose
1261 3359 1401 3424 aegrotat.

134 3429 147 3449 ‘
334 3434 459 3499 Carolus
478 3438 643 3513 Imperator
663 3437 802 3514 postulat,
824 3446 856 3493 ut
879 3435 1032 3493 Mauritius
1053 3434 1271 3493 Melanthonem
1294 3453 1330 3493 ex
1351 3436 1436 3494 terris
1454 3436 1516 3495 suis
1537 3437 1674 3515 expellat.

143 3520 246 3601 Sept„
288 3526 315 3581 3.
336 3523 406 3584 Mel.
427 3522 580 3583 intercedit
600 3542 655 3599 pro
677 3523 764 3580 vidua
781 3520 902 3578 Lutheri
924 3519 1003 3596 apud
1025 3519 1136 3597 Regem
1154 3518 1278 3577 Daniae.

283 3610 312 3669 5.
335 3609 522 3687 ¹Colligitlo.
543 3604 659 3683 sugetii
680 3608 824 3679 Psalmos,
849 3622 924 3682 quos
946 3605 1075 3663 editurus
1096 3615 1150 3664 est.

188 3766 192 3771 Ι
266 3694 312 3755 13.
335 3695 453 3755 Adsunt
473 3692 650 3769 Vitebergae
679 3693 901 3753 concionatores
929 3690 1020 3766 aliqui
1042 3691 1123 3750 missi
1145 3709 1182 3748 ex
1207 3690 1355 3764 11111111,
1379 3690 1484 3766 quibua
1501 3692 1571 3751 Mal.
1593 3695 1682 3753 tradit
1713 3694 1866 3772 epistolam
1889 3697 1925 3755 da
1946 3696 2022 3757 libro
2045 3699 2146 3775 Augu·

288 3847 299 3857 .
365 3790 451 3840 atauo
471 3781 509 3838 ad
532 3779 690 3838 Francicus
712 3779 940 3838 concionatores

261 3867 309 3926 13.
330 3864 509 3942 Expatiatur
531 3883 596 3923 cum
618 3862 755 3923 Foratero
777 3866 815 3922 ad
838 3860 1001 3940 Georgium
1025 3862 1222 3920 Anhaltiuum.

261 3951 309 4010 tt.
330 3949 473 4027 Crueiger
493 3951 655 4029 periculose
677 3958 818 4025 aegrotat.

150 4038 152 4042 ⁴
263 4037 311 4096 18.
334 4036 404 4095 Mel.
427 4046 543 4095 enarrat
563 4037 593 4094 In
616 4035 719 4094 schola
740 4035 894 4111 epistolam
915 4035 953 4091 ad
976 4033 1136 4091 Romanos.

284 4123 313 4183 3.
334 4118 443 4181 Scribit
469 4123 500 4180 iu
524 4139 607 4183 usum
630 4118 753 4196 Georgii
764 4120 916 4178 Anhaltini
939 4119 1100 4178 orationem
1122 4117 1159 4174 de
1179 4117 1271 4175 dictor
1297 4117 1549 4193 „Fundamentum
1565 4119 1643 4177 aliud
1662 4122 1732 4197 poni
1758 4127 1952 4198 1111111111α
1972 4133 2037 4197 etc,
2058 4142 2145 4201 quam

368 4208 395 4264 ei
416 4208 507 4265 mittit
527 4207 554 4265 d
580 4208 609 4267 0.
627 4202 691 4263 Oct.

332 4293 421 4351 Mittit
442 4293 481 4350 ad
501 4291 613 4352 amicos
634 4292 794 4350 orationem
815 4291 851 4349 de
872 4290 964 4347 tribua
985 4288 1095 4345 t'arinae
1118 4287 1199 4345 satia

280 4378 308 4437 8.
332 4379 459 4437 Enarrat
478 4397 509 4436 ι1
529 4376 632 4436 schola
652 4375 813 4435 Pindarum
834 4389 863 4433 et
884 4372 1092 4432 Demosthenis
1113 4371 1275 4430 orationem
1298 4373 1335 4430 de
1357 4391 1474 4433 corona.

260 4465 308 4521 14.
332 4463 423 4522 Mittit
434 4461 568 4540 Georgia
586 4462 747 4526 Anhaltino
769 4469 909 4519 annotata
923 4459 1065 4536 quaedam
1084 4458 1121 4516 de
1138 4456 1281 4516 sacrificio
1295 4459 1414 4531 Missae,
1434 4478 1510 4536 quae
1528 4459 1683 4538 scripserat
1701 4463 1738 4521 ad
1756 4466 1977 4526 concionatores
1987 4466 2144 4530 Haleuses.

260 4551 307 4608 16.
332 4550 462 4607 Vocatur
484 4548 662 4625 Torgaviam
683 4548 721 4605 ad
743 4554 928 4605 conventum.

260 4636 308 4694 18.
331 4632 501 4694 conventus
523 4633 658 4692 ordinum
680 4633 871 4691 Misnensium
893 4630 1072 4705 Torguviae‚
1096 4627 1213 4687 habitus
1235 4628 1273 4686 de
1294 4630 1385 4688 111111
1407 4648 1445 4689 ex
1467 4632 1603 4690 mandato
1621 4630 1756 4694 Caesaris
1777 4636 1972 4697 instituendis.

262 4722 310 4780 19.
334 4718 434 4777 Prima
454 4719 550 4779 forma
571 4716 691 4775 Interim
713 4718 840 4789 Minnici,
863 4717 910 4775 vel
932 4716 1043 4793 Lipsici
1063 4721 1109 4790 (ut
1131 4724 1234 4792 postea
1253 4714 1467 4791 appellabatur)
1489 4717 1643 4793 profertur.

258 4805 505 4865 1111111111
528 4803 715 4878 Vitebcrgam
735 4804 823 4875 redit,
843 4804 961 4860 minime
983 4809 1138 4860 contentus
1158 4819 1223 4858 cum
1246 4801 1330 4859 aulae
1350 4802 1488 4861 consiliis.

259 4891 309 4951 24.
331 4891 466 4949 Alterum
490 4890 629 4965 scriptum
652 4889 687 4945 de
710 4890 853 4947 sacrificm
876 4888 1041 4959 conscribit,
1063 4889 1234 4946 mittendum
1257 4886 1332 4945 Iulio
1356 4886 1481 4964 Pflugio.

144 4974 222 5037 Nos.
262 4979 310 5037 11.
333 4976 462 5035 Vocatus
484 4986 528 5034 eat
549 4994 615 5032 cnm
636 4972 829 5050 Bugenhagiu
852 4984 880 5030 et
902 4970 1071 5032 Camerario
1093 4973 1130 5031 ad
1151 4981 1324 5030 conventum
1347 4969 1490 5033 Ordinnm
1513 4974 1661 5037 Misuicor.
1686 4978 1717 5035 iu
1740 4980 1917 5039 monastario
1938 4977 2029 5041 cella

263 5063 311 5121 15.
333 5061 530 5120 Profiaadtur
552 5056 673 5118 Gallam.
