4590 5588
142 180 209 251 10
896 181 952 247 'l-
994 180 1210 249 ananus
1237 178 1384 247 wasa.
2001 200 2004 205 ·
2092 184 2161 254 ut

141 372 213 435 Mai.
256 375 305 433 10.
328 372 500 433 Melanthea
522 374 625 434 laudat
644 387 673 434 et
695 375 881 435 commendat
900 374 1122 447 Pensatum,
1146 374 1342 432 convictorem
1364 391 1459 434 suum.

261 462 311 520 11.
333 458 576 605 Mglssff‘igm
598 460 630 518 ia
653 460 818 521 Ptolemaei
838 460 1060 537 mathematicae
1081 458 1307 519 ammoneris
1327 458 1434 517 librum
1456 456 1492 531 1.,
1514 475 1619 534 graece
1642 465 1672 516 et
1692 458 1784 516 latiae
1807 458 1917 518 editam
1937 460 2157 539 perErasmam

436 564 471 602 ve
504 564 613 604 casem.
1210 552 1212 559 ⁴
1449 562 1458 571 ·
2105 550 2112 561 '

334 629 402 688 Hoc
424 631 665 707 temporeacrius
687 632 780 690 oritur
801 630 960 706 disputatio
982 630 1019 688 de
1041 629 1119 687 linea
1141 637 1231 701 veste,
1252 629 1316 689 sive
1336 629 1423 705 Alba,
1445 645 1504 705 qua
1524 629 1569 686 ati
1591 627 1735 686 debebant
1755 636 1889 706 pastores
1908 631 1992 691 iussu
2012 631 2160 695 alectus·
2277 622 2282 639 ³

364 716 397 773 iu
420 716 650 774 administranda
669 735 762 774 coena
783 734 873 775 sacra.
916 715 1083 787 Petebant,
1106 715 1163 773 hoe
1196 732 1259 773 esse
1291 715 1417 773 reditum
1433 714 1483 772 ·ad
1515 713 1695 773 ceremonias
1724 714 1897 791 papisticus,
1933 734 2003 794 prae
2036 721 2159 779 eaetmis

364 800 472 860 Pastor
504 801 730 878 Torgaviensis,
761 798 922 861 Gabriel
943 799 1124 877 Zwilling
1143 797 1334 877 (Didymus),
1368 800 1489 877 eiusque
1516 799 1669 859 Diaconos
1697 799 1801 861 Mieh.
1828 796 2030 863 Schulsius
2055 803 2159 881 (Prae-

367 887 482 961 torius).

198 972 203 977 ’
260 971 312 1031 99.
336 969 586 1048 Sabinus,.geuer
606 971 815 1044 Melanthoais‚
837 971 957 1031 liliolam
980 989 1063 1030 suam
1091 991 1110 1029 a
1130 971 1320 1031 Melanthoae
1354 972 1509 1030 educatam
1541 988 1640 1030 secum
1669 972 1846 1030 abducturus
1878 982 1923 1031 est
1942 973 1974 1031 ia
1998 974 2155 1036 Pruseim

366 1057 447 1135 (vid.
469 1076 517 1133 ep.
541 1058 568 1116 d.
595 1058 644 1114 10.
666 1056 738 1133 Iul.)
1009 1054 1016 1063 '

260 1141 309 1203 25.
332 1143 400 1201 Mel.
422 1142 557 1215 Albano,
575 1141 653 1201 Deci
674 1142 824 1215 Prassiae,
841 1142 943 1201 scribit
965 1143 1002 1201 dc
1023 1130 1146 1201 liutheri
1168 1143 1256 1201 videm
1277 1150 1306 1199 et
1327 1141 1435 1200 liberis.

260 1228 309 1288 tt.
332 1228 504 1287 Melanthea
526 1226 627 1285 scribit
649 1228 719 1288 Vito
740 1228 900 1289 Theodoro
923 1227 1111 1304 epitaphium.
1168 1296 1173 1309 ι

146 1314 211 1374 lua.
339 1313 463 1372 Ineunte
485 1313 571 1370 Iunio
591 1312 660 1370 Mel.
683 1324 797 1396 atroces
818 1315 908 1371 sentit
929 1313 1047 1372 dolores
1067 1332 1103 1370 ex
1127 1312 1239 1371 calculo
1258 1322 1349 1373 ortos.

282 1402 312 1461 9.
334 1399 491 1459 Flauias
512 1397 706 1475 Magdebargi
729 1400 858 1477 plaustra
880 1400 1072 1459 convitiorum
1096 1400 1156 1458 edit
1175 1399 1206 1456 ia
1228 1400 1362 1457 dectores
1388 1396 1623 1474 Vitebergeuses.
2108 1416 2111 1429 ·

244 1487 308 1545 10.
329 1484 501 1545 Melanthea
523 1483 614 1543 mittit
638 1481 769 1562 Georgio
790 1484 841 1543 Pr.
861 1484 1024 1544 Anhaltiao
1045 1486 1208 1543 orationem
1230 1484 1267 1542 dc
1288 1482 1374 1543 Pauli
1395 1484 1490 1543 dictos
1525 1494 1632 1560 „typus
1660 1485 1743 1541 este“
1778 1492 1833 1542 etc
1872 1481 1946 1543 Item
1974 1484 2088 1546 initium
2109 1505 2157 1547 ca·

369 1570 510 1642 techismi‚
533 1587 621 1646 quem
643 1569 801 1648 scripserat
823 1569 934 1629 filiolae
956 1587 1035 1629 suae.

332 1654 496 1715 Gabriel
518 1653 716 1731 Zwilling,
738 1657 844 1715 Pastor
865 1655 1004 1732 Torgav.‚
1027 1664 1056 1713 et
1077 1657 1140 1715 eius
1162 1654 1313 1714 Diaconos
1344 1653 1450 1715 Mieb.
1485 1651 1666 1725 Schulze,
1695 1655 1746 1728 qui
1777 1654 1999 1729 contendebant,
2031 1657 2156 1717 idolola-

371 1741 456 1799 triam
480 1758 553 1811 ease,
576 1739 619 1796 uti
639 1741 670 1797 in
691 1759 775 1800 sacra
789 1760 881 1801 coena
902 1741 981 1799 linea
1002 1741 1282 1817 veste,Vitebergae
1301 1749 1379 1813 suat,
1407 1742 1459 1800 sed
1480 1740 1587 1799 husae
1607 1747 1763 1798 moneatur
1784 1760 1803 1797 a
1822 1739 1983 1817 Theologis
2003 1741 2155 1821 Vrtebcrg.

215 1826 220 1835 '
267 1827 314 1887 19.
338 1825 520 1897 Melanthon,
542 1824 753 1903 Bugeahagias
774 1837 804 1885 et
824 1826 990 1900 Persteres,
1024 1828 1106 1887 iussu
1139 1826 1295 1898 Electoris,
1319 1828 1448 1904 Torgam
1481 1844 1513 1884 se
1534 1825 1695 1897 conferent,
1725 1834 1758 1885 ut
1785 1834 1923 1885 moueant
1953 1826 2107 1887 Pastorem
2127 1838 2157 1893 et

370 1909 536 1969 Diaconum
559 1910 645 1968 heies
667 1913 758 1985 urbis,
778 1933 816 1970 ne
838 1913 979 1990 populum
1001 1912 1147 1971 concitent
1173 1914 1313 1972 adversm
1334 1913 1457 1970 formam
1479 1913 1671 1988 Agendoram
1692 1930 1842 1971 sacrorum
1858 1930 1974 1972 ueram.
1997 1945 2037 1957 —
2055 1913 2092 1973 Ia
2112 1915 2157 1975 lo-

255 2025 258 2030 >
372 2015 437 2053 cem
460 1994 596 2065 Diacoai,
618 1993 758 2070 Schelrii,
781 2016 850 2058 mox
871 1998 1010 2056 suffectus
1032 2009 1077 2056 est
1098 1994 1290 2075 Georgius
1316 1997 1429 2058 Mohr.

263 2083 314 2143 22.
337 2082 506 2141 Melanthea
528 2081 641 2140 calculo
660 2082 785 2145 laborat.

145 2166 202 2227 Iul.
286 2170 313 2226 4.
335 2168 471 2226 Edictum
495 2167 623 2225 Mauritii
645 2166 800 2239 Electoris,
823 2188 880 2245 quo
901 2168 1002 2241 iubet,
1024 2178 1055 2226 ut
1077 2186 1179 2228 omnes
1200 2168 1338 2227 Pastores
1356 2186 1433 2226 nova
1453 2169 1644 2245 Ageadorum
1674 2185 1822 2228 sacrorum
1855 2169 1959 2244 torma,
1990 2170 2055 2246 ipso
2087 2189 2155 2248 puo-

367 2253 508 2329 mulgate‚
533 2260 659 2311 utantur.

393 2336 473 2414 (aas
492 2340 653 2413 [recusante
672 2339 783 2400 lisine
803 2337 991 2415 interlui.)
1012 2368 1015 2375 ·

282 2426 310 2483 5.
333 2423 471 2482 Edictum
492 2422 615 2480 Heariei
637 2421 688 2496 11,
709 2423 801 2501 Regis
822 2421 950 2497 Galliae,
968 2432 1072 2483 uonna
1092 2422 1304 2482 Protestaates.

260 2509 311 2569 96.
331 2509 506 2568 Melanthea
527 2520 648 2567 vocatus
671 2510 767 2568 estin
787 2511 977 2568 Academiam
999 2510 1239 2569 Rostochiaaam.

144 2595 223 2673 Aug.
331 2594 415 2654 Mota
433 2596 492 2652 iam
514 2604 558 2653 est
578 2597 777 2654 conhoversia
796 2593 991 2655 Osiandriaca
1011 2597 1048 2654 de
1069 2596 1283 2667 iustificatione,
1301 2594 1500 2671 Regiomoati.

142 2674 225 2758 Sept.
332 2680 458 2738 Ineunte
479 2698 579 2738 mense
598 2698 664 2738 cem
686 2680 838 2740 loachimo
860 2677 1031 2740 Camerario
1052 2681 1107 2740 fait
1127 2682 1158 2739 in
1181 2680 1260 2752 aula,
1291 2680 1450 2739 accersitus
1471 2679 1510 2738 ad
1530 2679 1672 2754 quasdam
1694 2679 1731 2737 de
1752 2678 1853 2738 schola
1874 2679 2110 2742 deliberationes.

178 2812 183 2821 .
278 2767 308 2831 9.
329 2766 400 2828 Mel.
422 2765 511 2825 mittit
531 2766 738 2826 orationem
760 2768 803 2825 de
824 2766 1046 2843 Crucigero,
1076 2776 1106 2825 et
1126 2766 1389 2844 panegyricum
1419 2766 1463 2824 de
1482 2764 1625 2823 Ioanne
1646 2764 1826 2841 baptista

261 2854 310 2912 19.
331 2852 401 2911 Mel.
422 2861 451 2910 et
471 2849 682 2927 Bugenhagius
710 2853 931 2911 concionatores
952 2851 1176 2924 Beroliasnses‚
1208 2853 1245 2911 de
1278 2860 1401 2928 peceato
1433 2850 1555 2927 semaia
1588 2852 1619 2908 ia
1654 2851 1748 2909 Maria
1780 2851 1893 2928 virgine
1925 2850 2083 2930 litigantes,
2114 2854 2153 2913 ad

366 2938 554 2998 concordiam
577 2938 715 2996 tuendam
737 2939 901 2998 hortantur.

334 3023 402 3083 Mel.
425 3024 457 3080 ia
479 3040 563 3081 esem
585 3022 751 3083 Bernhardi
770 3021 1101 3101 Ziegleri‚1ipsieasis‚
1123 3023 1224 3082 scribit
1244 3023 1526 3100 propositiones
1548 3022 1594 3079 de
1615 3020 1737 3080 Esaia

332 3105 466 3184 Georgio
486 3107 649 3167 Aahaltiao
665 3110 766 3169 scribit
786 3111 1008 3169 concionem
1030 3110 1074 3167 de
1094 3108 1304 3187 Sycomore.

258 3194 309 3254 29.
330 3192 450 3252 Initia
471 3194 671 3252 doctrinae
702 3195 897 3272 physicae,
917 3195 1120 3271 Meienbargio
1139 3195 1246 3268 dicata,
1267 3194 1420 3272 prodeunt.

141 3275 209 3339 Oct.
283 3282 310 3338 1.
329 3279 530 3338 Melanthonis
552 3278 666 3338 litterae
689 3281 726 3339 ad
748 3279 879 3340 Flaciem
906 3279 1067 3359 Illyricum.

278 3365 305 3425 6.
328 3365 508 3442 Expatiatur
529 3365 567 3422 ad
589 3362 750 3442 Georgium
773 3367 976 3438 hubaldum,
997 3367 1136 3443 Episcop.
1158 3365 1439 3441 Merseburgensem.

328 3447 462 3529 Georgia
483 3449 605 3510 Aahalt.
627 3450 729 3509 scribit
749 3452 912 3510 orationem
930 3452 1103 3530 synodicam
1133 3452 1170 3509 de
1199 3452 1277 3510 dieto
1304 3449 1405 3507 Paulis
1429 3447 1553 3526 „probet
1573 3446 1773 3523 unusquisque
1793 3465 1868 3525 opus
1888 3450 1991 3506 suurnl
2021 3458 2076 3509 etc.

257 3538 305 3596 16.
326 3534 482 3596 Cruciatur
502 3554 521 3593 a
543 3536 664 3595 calculo.

139 3620 220 3682 Nor.
281 3626 308 3685 1.
331 3622 486 3681 Praefatur
505 3623 536 3679 in
554 3620 661 3681 librum
684 3621 829 3699 Krageuii
849 3622 887 3679 de
906 3623 1035 3700 imagine
1063 3621 1129 3680 Dei.

281 3711 310 3767 4.
332 3708 423 3766 Mittit
444 3707 587 3783 quaedam
608 3709 706 3788 capita
723 3707 930 3784 disputationis
950 3708 988 3766 de
1010 3707 1072 3766 lilio
1091 3705 1158 3764 Dei.
1285 3722 1288 3728 ·

326 3792 395 3852 Hoc
416 3802 547 3869 tempore
569 3795 757 3853 Antonius
790 3790 893 3864 Otto,
926 3794 1033 3853 Pastor
1065 3792 1291 3864 Northasanus,
1315 3790 1515 3849 Melanthoais
1547 3787 1759 3867 praelationem
1781 3790 1978 3865 germanicam
2009 3789 2040 3848 ia
2072 3791 2151 3866 Apta

361 3877 502 3955 colloquii
523 3875 746 3939 Ratisbonensis
763 3880 863 3937 recedi
884 3880 1008 3951 curavit,
1025 3879 1172 3954 adspersis
1192 3877 1313 3937 scholiis
1332 3878 1364 3935 ia
1387 3872 1592 3936 coutumeliam
1614 3873 1810 3932 Melanthonis
1830 3874 1957 3950 scriptis.

255 3965 303 4025 lta
322 3965 447 4024 Moritur
468 3963 579 4024 Paulus
599 3964 668 4039 111„
698 3965 848 4025 Ponetex.

207 4040 213 4051 ¹
257 4053 305 4112 14.
328 4051 500 4110 Melanthon
522 4051 718 4126 proficiscitur
737 4050 868 4126 Lipsiam
895 4059 926 4106 et
946 4058 1065 4107 vocatur
1081 4047 1235 4107 Dresdam.

259 4139 309 4198 19.
331 4137 399 4195 Mel.
421 4144 466 4195 est
485 4132 627 4195 Drmdae.
670 4134 857 4195 Deliberatur
887 4136 917 4193 ia
951 4133 1019 4192 aula
1039 4135 1076 4193 de
1093 4134 1202 4210 scripto
1224 4141 1327 4192 contra
1344 4131 1476 4191 Flacium
1497 4132 1617 4207 eiusque
1639 4128 1771 4189 adseclas
1793 4129 1961 4202 eadnendo,
1980 4147 2067 4205 quam
2087 4149 2151 4190 rem

366 4221 537 4279 Melanthea
558 4222 717 4283 dissuadet.

258 4307 310 4367 20.
331 4305 503 4366 cardinales
525 4309 648 4367 euntia
669 4306 816 4375 mlidava,
844 4306 965 4363 electuri
985 4323 1095 4364 novum
1116 4304 1295 4364 Pontificem.

329 4390 390 4452 Sub
412 4395 500 4452 linem
522 4395 631 4452 means
651 4392 822 4452 Melanthea
843 4391 931 4449 rediit
951 4390 1150 4468 Vitebergam.

329 4477 469 4538 Paulus
486 4476 624 4557 Pagina
645 4481 769 4539 moritur
790 4477 859 4536 exul
882 4475 1089 4552 cantabrigiae
1109 4478 1142 4535 ia
1163 4476 1282 4552 Anglia

137 4560 213 4625 Dec
260 4564 309 4625 10.
329 4562 533 4623 Ferdinaadas
554 4564 621 4624 Rex
642 4565 780 4641 postulat,
801 4573 834 4621 ut
855 4562 911 4622 sibi
932 4564 1064 4621 mittatur
1085 4562 1179 4622 torma
1198 4561 1389 4636 Agendorum
1411 4576 1560 4619 sacrorum
1582 4575 1601 4615 a
1623 4553 1754 4632 Georgia
1776 4557 1939 4616 Anhaltino
1962 4558 2077 4635 scripta

258 4652 305 4713 l‘lz
327 4650 502 4710 Melanthos
516 4650 675 4728 respondet
695 4648 865 4727 proceribus
887 4648 1059 4721 Austriacis,
1083 4649 1133 4724 qai
1153 4649 1190 4706 sd
1213 4667 1277 4705 eam
1301 4648 1478 4724 scripserant
1506 4645 1543 4702 dc
1564 4634 1679 4720 synodo
1697 4638 1923 4720 salisburgensi

256 4735 306 4797 90.
330 4733 460 4813 Georgio
483 4735 645 4794 Anhaltiao
666 4736 768 4795 scribit
790 4737 957 4792 medonem
981 4736 1018 4792 de
1040 4734 1132 4792 dicto:
1157 4752 1261 4808 „nemo
1281 4733 1377 4818 rapiet
1394 4750 1466 4791 oves
1494 4748 1531 4788 ex
1554 4728 1688 4788 manibus
1707 4728 1810 4788 meis.“

281 4844 286 4857 ¹
330 4823 423 4882 Mittit
444 4822 672 4899 disputationem
699 4823 741 4879 de
763 4819 944 4880 lubilaeo.
